<?xml version="1.0" encoding="UTF-8"?>
   <collection xmlns="http://www.loc.gov/MARC21/slim">
      <record>
         <leader>00000nz  a2200169   4500</leader>
         <controlfield tag="001">30079128</controlfield>
         <controlfield tag="003">RISM</controlfield>
         <controlfield tag="005">20160216</controlfield>
         <controlfield tag="008">160216n||az|||||||##########||||||||||||</controlfield>
         <datafield tag="040" ind1=" " ind2=" ">
            <subfield code="a">ROK-Acu</subfield>
         </datafield>
         <datafield tag="043" ind1=" " ind2=" ">
            <subfield code="c">KR</subfield>
         </datafield>
         <datafield tag="110" ind1="2" ind2=" ">
            <subfield code="a">Chungang University, 2nd Campus, Central Library</subfield>
            <subfield code="c">Anseong</subfield>
            <subfield code="g">ROK-Acu</subfield>
         </datafield>
         <datafield tag="622" ind1=" " ind2=" ">
            <subfield code="e">Chungang University, 2nd Campus, Central,  Library, 4726, Seodong-daero, Daedeok-myeon,,  Anseong-si, Gyeonggi-do, Anseong 456-756, Republic of Korea</subfield>
            <subfield code="u">http://alibrary.cau.ac.kr/</subfield>
         </datafield>
      </record>