
      <record>
         <leader>00000nz  a2200169   4500</leader>
         <controlfield tag="001">30079122</controlfield>
         <controlfield tag="003">RISM</controlfield>
         <controlfield tag="005">20160216</controlfield>
         <controlfield tag="008">160216n||az|||||||##########||||||||||||</controlfield>
         <datafield tag="040" ind1=" " ind2=" ">
            <subfield code="a">ROK-ANsia</subfield>
         </datafield>
         <datafield tag="043" ind1=" " ind2=" ">
            <subfield code="c">KR</subfield>
         </datafield>
         <datafield tag="110" ind1="2" ind2=" ">
            <subfield code="a">Seoul Institute of the Arts</subfield>
            <subfield code="c">Ansan</subfield>
            <subfield code="g">ROK-ANsia</subfield>
         </datafield>
         <datafield tag="622" ind1=" " ind2=" ">
            <subfield code="e">Seoul Institute of the Arts, 171, Yesuldaehak-ro, Danwon-gu,,  Ansan-si, Gyeonggi-do, Ansan 425-805, Republic of Korea</subfield>
            <subfield code="u">http://lib.seoularts.ac.kr/</subfield>
         </datafield>
      </record>