
      <record>
         <leader>00000nz  a2200169   4500</leader>
         <controlfield tag="001">30079100</controlfield>
         <controlfield tag="003">RISM</controlfield>
         <controlfield tag="005">20160216</controlfield>
         <controlfield tag="008">160216n||az|||||||##########||||||||||||</controlfield>
         <datafield tag="040" ind1=" " ind2=" ">
            <subfield code="a">ROK-Bac</subfield>
         </datafield>
         <datafield tag="043" ind1=" " ind2=" ">
            <subfield code="c">KR</subfield>
         </datafield>
         <datafield tag="110" ind1="2" ind2=" ">
            <subfield code="a">Busan Arts College Library</subfield>
            <subfield code="c">Busan</subfield>
            <subfield code="g">ROK-Bac</subfield>
         </datafield>
         <datafield tag="622" ind1=" " ind2=" ">
            <subfield code="e">Busan Arts College Library, 71, Motgolbeonyeong-ro, Nam-gu, Busan 608-818, Republic of Korea</subfield>
         </datafield>
      </record>