
      <record>
         <leader>00000nz  a2200169   4500</leader>
         <controlfield tag="001">30079104</controlfield>
         <controlfield tag="003">RISM</controlfield>
         <controlfield tag="005">20160216</controlfield>
         <controlfield tag="008">160216n||az|||||||##########||||||||||||</controlfield>
         <datafield tag="040" ind1=" " ind2=" ">
            <subfield code="a">ROK-Bcu</subfield>
         </datafield>
         <datafield tag="043" ind1=" " ind2=" ">
            <subfield code="c">KR</subfield>
         </datafield>
         <datafield tag="110" ind1="2" ind2=" ">
            <subfield code="a">Catholic University of Busan, Central Library</subfield>
            <subfield code="c">Busan</subfield>
            <subfield code="g">ROK-Bcu</subfield>
         </datafield>
         <datafield tag="622" ind1=" " ind2=" ">
            <subfield code="e">Catholic University of Busan, Central,  Library, 57 Oryundae-ro, Geumjeong-gu, Busan 609-757, Republic of Korea</subfield>
            <subfield code="u">http://library.cup.ac.kr/</subfield>
         </datafield>
      </record>