
      <record>
         <leader>00000nz  a2200169   4500</leader>
         <controlfield tag="001">30079098</controlfield>
         <controlfield tag="003">RISM</controlfield>
         <controlfield tag="005">20160216</controlfield>
         <controlfield tag="008">160216n||az|||||||##########||||||||||||</controlfield>
         <datafield tag="040" ind1=" " ind2=" ">
            <subfield code="a">ROK-Bdul</subfield>
         </datafield>
         <datafield tag="043" ind1=" " ind2=" ">
            <subfield code="c">KR</subfield>
         </datafield>
         <datafield tag="110" ind1="2" ind2=" ">
            <subfield code="a">Dong-a University Library</subfield>
            <subfield code="c">Busan</subfield>
            <subfield code="g">ROK-Bdul</subfield>
         </datafield>
         <datafield tag="622" ind1=" " ind2=" ">
            <subfield code="e">Dong-a University Library, 37 Nakdong-Daero, 550beon-gil, Saha-gu, Busan 604-714, Republic of Korea</subfield>
            <subfield code="u">http://dalis.donga.ac.kr/lib/</subfield>
         </datafield>
      </record>