
      <record>
         <leader>00000nz  a2200169   4500</leader>
         <controlfield tag="001">30079101</controlfield>
         <controlfield tag="003">RISM</controlfield>
         <controlfield tag="005">20160216</controlfield>
         <controlfield tag="008">160216n||az|||||||##########||||||||||||</controlfield>
         <datafield tag="040" ind1=" " ind2=" ">
            <subfield code="a">ROK-Bksu</subfield>
         </datafield>
         <datafield tag="043" ind1=" " ind2=" ">
            <subfield code="c">KR</subfield>
         </datafield>
         <datafield tag="110" ind1="2" ind2=" ">
            <subfield code="a">Kyung Sung University, Central Library</subfield>
            <subfield code="c">Busan</subfield>
            <subfield code="g">ROK-Bksu</subfield>
         </datafield>
         <datafield tag="622" ind1=" " ind2=" ">
            <subfield code="e">Kyung Sung University, Central Library, 309, Suyeong-ro, Nam-gu, Busan 608-736, Republic of Korea</subfield>
            <subfield code="u">http://library.ks.ac.kr/</subfield>
         </datafield>
      </record>