
      <record>
         <leader>00000nz  a2200169   4500</leader>
         <controlfield tag="001">30079099</controlfield>
         <controlfield tag="003">RISM</controlfield>
         <controlfield tag="005">20160216</controlfield>
         <controlfield tag="008">160216n||az|||||||##########||||||||||||</controlfield>
         <datafield tag="040" ind1=" " ind2=" ">
            <subfield code="a">ROK-Bku</subfield>
         </datafield>
         <datafield tag="043" ind1=" " ind2=" ">
            <subfield code="c">KR</subfield>
         </datafield>
         <datafield tag="110" ind1="2" ind2=" ">
            <subfield code="a">Kosin University, Theodore Hard Library</subfield>
            <subfield code="c">Busan</subfield>
            <subfield code="g">ROK-Bku</subfield>
         </datafield>
         <datafield tag="622" ind1=" " ind2=" ">
            <subfield code="e">Kosin University, Theodore Hard Library, Youngdo-gu Wachiro 194, Busan 606-701, Republic of Korea</subfield>
            <subfield code="u">http://library.kosin.ac.kr/KOSINLIB/</subfield>
         </datafield>
      </record>