
      <record>
         <leader>00000nz  a2200169   4500</leader>
         <controlfield tag="001">30079102</controlfield>
         <controlfield tag="003">RISM</controlfield>
         <controlfield tag="005">20160216</controlfield>
         <controlfield tag="008">160216n||az|||||||##########||||||||||||</controlfield>
         <datafield tag="040" ind1=" " ind2=" ">
            <subfield code="a">ROK-Bpnu</subfield>
         </datafield>
         <datafield tag="043" ind1=" " ind2=" ">
            <subfield code="c">KR</subfield>
         </datafield>
         <datafield tag="110" ind1="2" ind2=" ">
            <subfield code="a">Pukyong National University, Library</subfield>
            <subfield code="c">Busan</subfield>
            <subfield code="g">ROK-Bpnu</subfield>
         </datafield>
         <datafield tag="622" ind1=" " ind2=" ">
            <subfield code="e">Pukyong National University, Library, 45, Yongso-ro, Nam-gu, Busan 608-737, Republic of Korea</subfield>
            <subfield code="u">http://libweb.pknu.ac.kr/</subfield>
         </datafield>
      </record>