
      <record>
         <leader>00000nz  a2200169   4500</leader>
         <controlfield tag="001">30079103</controlfield>
         <controlfield tag="003">RISM</controlfield>
         <controlfield tag="005">20160216</controlfield>
         <controlfield tag="008">160216n||az|||||||##########||||||||||||</controlfield>
         <datafield tag="040" ind1=" " ind2=" ">
            <subfield code="a">ROK-Bpsnu</subfield>
         </datafield>
         <datafield tag="043" ind1=" " ind2=" ">
            <subfield code="c">KR</subfield>
         </datafield>
         <datafield tag="110" ind1="2" ind2=" ">
            <subfield code="a">Pusan National University, Library</subfield>
            <subfield code="c">Busan</subfield>
            <subfield code="g">ROK-Bpsnu</subfield>
         </datafield>
         <datafield tag="622" ind1=" " ind2=" ">
            <subfield code="e">Pusan National University, Library, 2, Busandaehak-ro 63beon-gil,,  Geumjeong-gu, Busan 609-735, Republic of Korea</subfield>
            <subfield code="u">http://pulip.pusan.ac.kr/index.ax</subfield>
         </datafield>
      </record>