
      <record>
         <leader>00000nz  a2200169   4500</leader>
         <controlfield tag="001">30079107</controlfield>
         <controlfield tag="003">RISM</controlfield>
         <controlfield tag="005">20160216</controlfield>
         <controlfield tag="008">160216n||az|||||||##########||||||||||||</controlfield>
         <datafield tag="040" ind1=" " ind2=" ">
            <subfield code="a">ROK-Bsu</subfield>
         </datafield>
         <datafield tag="043" ind1=" " ind2=" ">
            <subfield code="c">KR</subfield>
         </datafield>
         <datafield tag="110" ind1="2" ind2=" ">
            <subfield code="a">Silla University Library</subfield>
            <subfield code="c">Busan</subfield>
            <subfield code="g">ROK-Bsu</subfield>
         </datafield>
         <datafield tag="622" ind1=" " ind2=" ">
            <subfield code="e">Silla University Library, 140, Baegyang-daero 700beon-gil,,  Sasang-gu, Busan 617-736, Republik of Korea</subfield>
            <subfield code="u">http://library.silla.ac.kr/</subfield>
         </datafield>
      </record>