
      <record>
         <leader>00000nz  a2200169   4500</leader>
         <controlfield tag="001">30079120</controlfield>
         <controlfield tag="003">RISM</controlfield>
         <controlfield tag="005">20160216</controlfield>
         <controlfield tag="008">160216n||az|||||||##########||||||||||||</controlfield>
         <datafield tag="040" ind1=" " ind2=" ">
            <subfield code="a">ROK-BUstu</subfield>
         </datafield>
         <datafield tag="043" ind1=" " ind2=" ">
            <subfield code="c">KR</subfield>
         </datafield>
         <datafield tag="110" ind1="2" ind2=" ">
            <subfield code="a">Seoul Theological University, Library</subfield>
            <subfield code="c">Bucheon</subfield>
            <subfield code="g">ROK-BUstu</subfield>
         </datafield>
         <datafield tag="622" ind1=" " ind2=" ">
            <subfield code="e">Seoul Theological University Library, 52, Hohyeon-ro 489beon-gil, Sosa-gu,,  Bucheon-si, Gyeonggi-do, Bucheon 422-742, Republic of Korea</subfield>
            <subfield code="u">http://www.stuin.ac.kr/</subfield>
         </datafield>
      </record>