
      <record>
         <leader>00000nz  a2200169   4500</leader>
         <controlfield tag="001">30079106</controlfield>
         <controlfield tag="003">RISM</controlfield>
         <controlfield tag="005">20160216</controlfield>
         <controlfield tag="008">160216n||az|||||||##########||||||||||||</controlfield>
         <datafield tag="040" ind1=" " ind2=" ">
            <subfield code="a">ROK-Bwc</subfield>
         </datafield>
         <datafield tag="043" ind1=" " ind2=" ">
            <subfield code="c">KR</subfield>
         </datafield>
         <datafield tag="110" ind1="2" ind2=" ">
            <subfield code="a">Busan Women's College, Central Library</subfield>
            <subfield code="c">Busan</subfield>
            <subfield code="g">ROK-Bwc</subfield>
         </datafield>
         <datafield tag="622" ind1=" " ind2=" ">
            <subfield code="e">Busan Women's College, Central Library, 506, Jinnam-ro, Busanjin-gu, Busan 614-734, Republic of Korea</subfield>
            <subfield code="u">http://malic.bwc.ac.kr/</subfield>
         </datafield>
      </record>