
      <record>
         <leader>00000nz  a2200169   4500</leader>
         <controlfield tag="001">30079134</controlfield>
         <controlfield tag="003">RISM</controlfield>
         <controlfield tag="005">20160216</controlfield>
         <controlfield tag="008">160216n||az|||||||##########||||||||||||</controlfield>
         <datafield tag="040" ind1=" " ind2=" ">
            <subfield code="a">ROK-CCnue</subfield>
         </datafield>
         <datafield tag="043" ind1=" " ind2=" ">
            <subfield code="c">KR</subfield>
         </datafield>
         <datafield tag="110" ind1="2" ind2=" ">
            <subfield code="a">Chuncheon National University of Education, Library</subfield>
            <subfield code="c">Chuncheon</subfield>
            <subfield code="g">ROK-CCnue</subfield>
         </datafield>
         <datafield tag="622" ind1=" " ind2=" ">
            <subfield code="e">Chuncheon National University of,  Education, Library, 126, Gongji-ro, Chuncheon-si, Gangwon-do, Chuncheon 200-703, Republic of Korea</subfield>
            <subfield code="u">http://library.cnue.ac.kr/CHUN/</subfield>
         </datafield>
      </record>