
      <record>
         <leader>00000nz  a2200169   4500</leader>
         <controlfield tag="001">30079143</controlfield>
         <controlfield tag="003">RISM</controlfield>
         <controlfield tag="005">20160216</controlfield>
         <controlfield tag="008">160216n||az|||||||##########||||||||||||</controlfield>
         <datafield tag="040" ind1=" " ind2=" ">
            <subfield code="a">ROK-CHbcu</subfield>
         </datafield>
         <datafield tag="043" ind1=" " ind2=" ">
            <subfield code="c">KR</subfield>
         </datafield>
         <datafield tag="110" ind1="2" ind2=" ">
            <subfield code="a">Baekseok Culture University Library</subfield>
            <subfield code="c">Cheonan</subfield>
            <subfield code="g">ROK-CHbcu</subfield>
         </datafield>
         <datafield tag="622" ind1=" " ind2=" ">
            <subfield code="e">Baekseok Culture University Library, 393, Anseo-dong, Dongnam-gu,,  Chungcheongnam-do, Cheonan 330-705, Republic of Korea</subfield>
            <subfield code="u">http://lib.bscu.ac.kr/</subfield>
         </datafield>
      </record>