
      <record>
         <leader>00000nz  a2200169   4500</leader>
         <controlfield tag="001">30079157</controlfield>
         <controlfield tag="003">RISM</controlfield>
         <controlfield tag="005">20160216</controlfield>
         <controlfield tag="008">160216n||az|||||||##########||||||||||||</controlfield>
         <datafield tag="040" ind1=" " ind2=" ">
            <subfield code="a">ROK-CHEcu</subfield>
         </datafield>
         <datafield tag="043" ind1=" " ind2=" ">
            <subfield code="c">KR</subfield>
         </datafield>
         <datafield tag="110" ind1="2" ind2=" ">
            <subfield code="a">Chungcheong University Library</subfield>
            <subfield code="c">Cheongwon-gun</subfield>
            <subfield code="g">ROK-CHEcu</subfield>
         </datafield>
         <datafield tag="622" ind1=" " ind2=" ">
            <subfield code="e">Chungcheong University Library, 38, Wolgok-gil, Gangnae-myeon,,  Chungcheongbuk-do, Cheongwon-gun 363-792, Republic of Korea</subfield>
            <subfield code="u">http://clis.ok.ac.kr</subfield>
         </datafield>
      </record>