
      <record>
         <leader>00000nz  a2200169   4500</leader>
         <controlfield tag="001">30079156</controlfield>
         <controlfield tag="003">RISM</controlfield>
         <controlfield tag="005">20160216</controlfield>
         <controlfield tag="008">160216n||az|||||||##########||||||||||||</controlfield>
         <datafield tag="040" ind1=" " ind2=" ">
            <subfield code="a">ROK-CHEnue</subfield>
         </datafield>
         <datafield tag="043" ind1=" " ind2=" ">
            <subfield code="c">KR</subfield>
         </datafield>
         <datafield tag="110" ind1="2" ind2=" ">
            <subfield code="a">Korea National University of Education, Library</subfield>
            <subfield code="c">Cheongwon-gun</subfield>
            <subfield code="g">ROK-CHEnue</subfield>
         </datafield>
         <datafield tag="622" ind1=" " ind2=" ">
            <subfield code="e">Korea National University of Education,,  Library, 250, Taeseongtabyeon-ro,,  Chungcheongbuk-do, Cheongwon-gun 363-791, Republic of Korea</subfield>
            <subfield code="u">http://lib.knue.ac.kr/index.ax</subfield>
         </datafield>
      </record>