
      <record>
         <leader>00000nz  a2200169   4500</leader>
         <controlfield tag="001">30077551</controlfield>
         <controlfield tag="003">RISM</controlfield>
         <controlfield tag="005">20160216</controlfield>
         <controlfield tag="008">160216n||az|||||||##########||||||||||||</controlfield>
         <datafield tag="040" ind1=" " ind2=" ">
            <subfield code="a">ROK-CHih</subfield>
         </datafield>
         <datafield tag="043" ind1=" " ind2=" ">
            <subfield code="c">KR</subfield>
         </datafield>
         <datafield tag="110" ind1="2" ind2=" ">
            <subfield code="a">The History of Korean Independence Movement Online at The Independence Hall of Korea</subfield>
            <subfield code="c">Cheonan</subfield>
            <subfield code="g">ROK-CHih</subfield>
         </datafield>
         <datafield tag="410" ind1="2" ind2=" ">
            <subfield code="a">Dokrip Ginyeomgwan</subfield>
         </datafield>
         <datafield tag="622" ind1=" " ind2=" ">
            <subfield code="e">The History of Korean Independence,  Movement Online at The Independence,  Hall of Korea, 230 Namhwa-ri, Mokcheon-eup, Dongnam-gu, Cheonan, Republic of Korea</subfield>
            <subfield code="u">http://search.i815.or.kr</subfield>
         </datafield>
      </record>