
      <record>
         <leader>00000nz  a2200169   4500</leader>
         <controlfield tag="001">30079159</controlfield>
         <controlfield tag="003">RISM</controlfield>
         <controlfield tag="005">20160216</controlfield>
         <controlfield tag="008">160216n||az|||||||##########||||||||||||</controlfield>
         <datafield tag="040" ind1=" " ind2=" ">
            <subfield code="a">ROK-CHUnut</subfield>
         </datafield>
         <datafield tag="043" ind1=" " ind2=" ">
            <subfield code="c">KR</subfield>
         </datafield>
         <datafield tag="110" ind1="2" ind2=" ">
            <subfield code="a">Korea National University of Transportation, Library</subfield>
            <subfield code="c">Chungju</subfield>
            <subfield code="g">ROK-CHUnut</subfield>
         </datafield>
         <datafield tag="622" ind1=" " ind2=" ">
            <subfield code="e">Korea National University of,  Transportation, Library, 50, Daehak-ro, Daesowon-myeon,,  Chungcheongbuk-do, Chungju 380-702, Republic of Korea</subfield>
            <subfield code="u">http://chains.ut.ac.kr/index.ax</subfield>
         </datafield>
      </record>