
      <record>
         <leader>00000nz  a2200169   4500</leader>
         <controlfield tag="001">30079139</controlfield>
         <controlfield tag="003">RISM</controlfield>
         <controlfield tag="005">20160216</controlfield>
         <controlfield tag="008">160216n||az|||||||##########||||||||||||</controlfield>
         <datafield tag="040" ind1=" " ind2=" ">
            <subfield code="a">ROK-CJcnu</subfield>
         </datafield>
         <datafield tag="043" ind1=" " ind2=" ">
            <subfield code="c">KR</subfield>
         </datafield>
         <datafield tag="110" ind1="2" ind2=" ">
            <subfield code="a">Chungbuk National University, Library</subfield>
            <subfield code="c">Cheongju</subfield>
            <subfield code="g">ROK-CJcnu</subfield>
         </datafield>
         <datafield tag="622" ind1=" " ind2=" ">
            <subfield code="e">Chungbuk National University, Library, 52, Naesudong-ro, Heungdeok-gu,,  Cheongju-si, Chungcheongbuk-do, Cheongju 361-763, Republic of Korea</subfield>
            <subfield code="u">http://cbnul.chungbuk.ac.kr/index.ax</subfield>
         </datafield>
      </record>