
      <record>
         <leader>00000nz  a2200169   4500</leader>
         <controlfield tag="001">30079138</controlfield>
         <controlfield tag="003">RISM</controlfield>
         <controlfield tag="005">20160216</controlfield>
         <controlfield tag="008">160216n||az|||||||##########||||||||||||</controlfield>
         <datafield tag="040" ind1=" " ind2=" ">
            <subfield code="a">ROK-CJnue</subfield>
         </datafield>
         <datafield tag="043" ind1=" " ind2=" ">
            <subfield code="c">KR</subfield>
         </datafield>
         <datafield tag="110" ind1="2" ind2=" ">
            <subfield code="a">Cheongju National University of Education, Library</subfield>
            <subfield code="c">Cheongju</subfield>
            <subfield code="g">ROK-CJnue</subfield>
         </datafield>
         <datafield tag="622" ind1=" " ind2=" ">
            <subfield code="e">Cheongju National University of,  Education, Library, 2065, Cheongnam-ro, Heungdeok-gu,,  Cheongju-si, Chungcheongbuk-do, Cheongju 361-712, Republic of Korea</subfield>
            <subfield code="u">http://lib.cje.ac.kr/</subfield>
         </datafield>
      </record>