
      <record>
         <leader>00000nz  a2200169   4500</leader>
         <controlfield tag="001">30079137</controlfield>
         <controlfield tag="003">RISM</controlfield>
         <controlfield tag="005">20160216</controlfield>
         <controlfield tag="008">160216n||az|||||||##########||||||||||||</controlfield>
         <datafield tag="040" ind1=" " ind2=" ">
            <subfield code="a">ROK-CJu</subfield>
         </datafield>
         <datafield tag="043" ind1=" " ind2=" ">
            <subfield code="c">KR</subfield>
         </datafield>
         <datafield tag="110" ind1="2" ind2=" ">
            <subfield code="a">Cheongju University Library</subfield>
            <subfield code="c">Cheongju</subfield>
            <subfield code="g">ROK-CJu</subfield>
         </datafield>
         <datafield tag="622" ind1=" " ind2=" ">
            <subfield code="e">Cheongju University Library, 298, Daeseong-ro, Sangdang-gu,,  Cheongju-si, Chungcheongbuk-do, Cheongju 360-764, Republic of Korea</subfield>
            <subfield code="u">http://library.cju.ac.kr</subfield>
         </datafield>
      </record>