
      <record>
         <leader>00000nz  a2200169   4500</leader>
         <controlfield tag="001">30079118</controlfield>
         <controlfield tag="003">RISM</controlfield>
         <controlfield tag="005">20160216</controlfield>
         <controlfield tag="008">160216n||az|||||||##########||||||||||||</controlfield>
         <datafield tag="040" ind1=" " ind2=" ">
            <subfield code="a">ROK-DJcu</subfield>
         </datafield>
         <datafield tag="043" ind1=" " ind2=" ">
            <subfield code="c">KR</subfield>
         </datafield>
         <datafield tag="110" ind1="2" ind2=" ">
            <subfield code="a">Chungnam University Library</subfield>
            <subfield code="c">Daejeon</subfield>
            <subfield code="g">ROK-DJcu</subfield>
         </datafield>
         <datafield tag="622" ind1=" " ind2=" ">
            <subfield code="e">Chungnam University Library, 99, Daehak-ro, Yuseong-gu, Daejeon 305-764, Republic of Korea</subfield>
            <subfield code="u">http://clins.cnu.ac.kr/</subfield>
         </datafield>
      </record>