
      <record>
         <leader>00000nz  a2200169   4500</leader>
         <controlfield tag="001">30079117</controlfield>
         <controlfield tag="003">RISM</controlfield>
         <controlfield tag="005">20160216</controlfield>
         <controlfield tag="008">160216n||az|||||||##########||||||||||||</controlfield>
         <datafield tag="040" ind1=" " ind2=" ">
            <subfield code="a">ROK-DJmu</subfield>
         </datafield>
         <datafield tag="043" ind1=" " ind2=" ">
            <subfield code="c">KR</subfield>
         </datafield>
         <datafield tag="110" ind1="2" ind2=" ">
            <subfield code="a">Mokwon University, Central Library</subfield>
            <subfield code="c">Daejeon</subfield>
            <subfield code="g">ROK-DJmu</subfield>
         </datafield>
         <datafield tag="622" ind1=" " ind2=" ">
            <subfield code="e">Mokwon University, Central Library, Doan-dong, Seo-gu, Daejeon 302-729, Republic of Korea</subfield>
            <subfield code="u">http://lib.mokwon.ac.kr/index.ax</subfield>
         </datafield>
      </record>