
      <record>
         <leader>00000nz  a2200169   4500</leader>
         <controlfield tag="001">30079116</controlfield>
         <controlfield tag="003">RISM</controlfield>
         <controlfield tag="005">20160216</controlfield>
         <controlfield tag="008">160216n||az|||||||##########||||||||||||</controlfield>
         <datafield tag="040" ind1=" " ind2=" ">
            <subfield code="a">ROK-DJpu</subfield>
         </datafield>
         <datafield tag="043" ind1=" " ind2=" ">
            <subfield code="c">KR</subfield>
         </datafield>
         <datafield tag="110" ind1="2" ind2=" ">
            <subfield code="a">Paichai University, Central Library</subfield>
            <subfield code="c">Daejeon</subfield>
            <subfield code="g">ROK-DJpu</subfield>
         </datafield>
         <datafield tag="622" ind1=" " ind2=" ">
            <subfield code="e">Paichai University, Central Library, 155-40, Baejae-ro, Seo-gu, Daejeon 302-735, Republic of Korea</subfield>
            <subfield code="u">http://library.paichai.ac.kr/</subfield>
         </datafield>
      </record>