
      <record>
         <leader>00000nz  a2200169   4500</leader>
         <controlfield tag="001">30079109</controlfield>
         <controlfield tag="003">RISM</controlfield>
         <controlfield tag="005">20160216</controlfield>
         <controlfield tag="008">160216n||az|||||||##########||||||||||||</controlfield>
         <datafield tag="040" ind1=" " ind2=" ">
            <subfield code="a">ROK-Dkcc</subfield>
         </datafield>
         <datafield tag="043" ind1=" " ind2=" ">
            <subfield code="c">KR</subfield>
         </datafield>
         <datafield tag="110" ind1="2" ind2=" ">
            <subfield code="a">Keimyung Culture College Library</subfield>
            <subfield code="c">Daegu</subfield>
            <subfield code="g">ROK-Dkcc</subfield>
         </datafield>
         <datafield tag="622" ind1=" " ind2=" ">
            <subfield code="e">Keimyung Culture College Library, 675, Dalseo-daero, Dalseo-gu, Daegu 704-703, Republic of Korea</subfield>
            <subfield code="u">http://library.kmcc.ac.kr/</subfield>
         </datafield>
      </record>