
      <record>
         <leader>00000nz  a2200169   4500</leader>
         <controlfield tag="001">30079108</controlfield>
         <controlfield tag="003">RISM</controlfield>
         <controlfield tag="005">20160216</controlfield>
         <controlfield tag="008">160216n||az|||||||##########||||||||||||</controlfield>
         <datafield tag="040" ind1=" " ind2=" ">
            <subfield code="a">ROK-Dknu</subfield>
         </datafield>
         <datafield tag="043" ind1=" " ind2=" ">
            <subfield code="c">KR</subfield>
         </datafield>
         <datafield tag="110" ind1="2" ind2=" ">
            <subfield code="a">Kyungpook National University, Central Library</subfield>
            <subfield code="c">Daegu</subfield>
            <subfield code="g">ROK-Dknu</subfield>
         </datafield>
         <datafield tag="622" ind1=" " ind2=" ">
            <subfield code="e">Kyungpook National University, Central,  Library, 80, Daehak-ro, Buk-gu, Daegu 702-701, Republic of Korea</subfield>
            <subfield code="u">http://kudos.knu.ac.kr/</subfield>
         </datafield>
      </record>