
      <record>
         <leader>00000nz  a2200169   4500</leader>
         <controlfield tag="001">30079113</controlfield>
         <controlfield tag="003">RISM</controlfield>
         <controlfield tag="005">20160216</controlfield>
         <controlfield tag="008">160216n||az|||||||##########||||||||||||</controlfield>
         <datafield tag="040" ind1=" " ind2=" ">
            <subfield code="a">ROK-Gcnu</subfield>
         </datafield>
         <datafield tag="043" ind1=" " ind2=" ">
            <subfield code="c">KR</subfield>
         </datafield>
         <datafield tag="110" ind1="2" ind2=" ">
            <subfield code="a">Chonnam National University, Library</subfield>
            <subfield code="c">Gwangju</subfield>
            <subfield code="g">ROK-Gcnu</subfield>
         </datafield>
         <datafield tag="622" ind1=" " ind2=" ">
            <subfield code="e">Chonnam National University, Library, 77, Yongbong-ro, Buk-gu, Gwangju 500-757, Republic of Korea</subfield>
            <subfield code="u">http://lib.jnu.ac.kr/</subfield>
         </datafield>
      </record>