
      <record>
         <leader>00000nz  a2200169   4500</leader>
         <controlfield tag="001">30079114</controlfield>
         <controlfield tag="003">RISM</controlfield>
         <controlfield tag="005">20160216</controlfield>
         <controlfield tag="008">160216n||az|||||||##########||||||||||||</controlfield>
         <datafield tag="040" ind1=" " ind2=" ">
            <subfield code="a">ROK-Gcu</subfield>
         </datafield>
         <datafield tag="043" ind1=" " ind2=" ">
            <subfield code="c">KR</subfield>
         </datafield>
         <datafield tag="110" ind1="2" ind2=" ">
            <subfield code="a">Chosun University Library</subfield>
            <subfield code="c">Gwangju</subfield>
            <subfield code="g">ROK-Gcu</subfield>
         </datafield>
         <datafield tag="622" ind1=" " ind2=" ">
            <subfield code="e">Chosun University Library, 309, Pilmun-daero, Dong-gu, Gwangju 501-759, Republic of Korea</subfield>
            <subfield code="u">http://library.chosun.ac.kr/</subfield>
         </datafield>
      </record>