
      <record>
         <leader>00000nz  a2200169   4500</leader>
         <controlfield tag="001">30079160</controlfield>
         <controlfield tag="003">RISM</controlfield>
         <controlfield tag="005">20160216</controlfield>
         <controlfield tag="008">160216n||az|||||||##########||||||||||||</controlfield>
         <datafield tag="040" ind1=" " ind2=" ">
            <subfield code="a">ROK-GEju</subfield>
         </datafield>
         <datafield tag="043" ind1=" " ind2=" ">
            <subfield code="c">KR</subfield>
         </datafield>
         <datafield tag="110" ind1="2" ind2=" ">
            <subfield code="a">Joongbu University Library</subfield>
            <subfield code="c">Geumsan-gun</subfield>
            <subfield code="g">ROK-GEju</subfield>
         </datafield>
         <datafield tag="622" ind1=" " ind2=" ">
            <subfield code="e">Joongbu University Library, 201, Daehak-ro, Chubu-myeon,,  Chungcheongnam-do, Geumsan-gun 312-702, Republic of Korea</subfield>
            <subfield code="u">http://julis.joongbu.ac.kr/</subfield>
         </datafield>
      </record>