
      <record>
         <leader>00000nz  a2200169   4500</leader>
         <controlfield tag="001">30079130</controlfield>
         <controlfield tag="003">RISM</controlfield>
         <controlfield tag="005">20160216</controlfield>
         <controlfield tag="008">160216n||az|||||||##########||||||||||||</controlfield>
         <datafield tag="040" ind1=" " ind2=" ">
            <subfield code="a">ROK-Gju</subfield>
         </datafield>
         <datafield tag="043" ind1=" " ind2=" ">
            <subfield code="c">KR</subfield>
         </datafield>
         <datafield tag="110" ind1="2" ind2=" ">
            <subfield code="a">Seoul Jangsin University, Library</subfield>
            <subfield code="c">Gwangju</subfield>
            <subfield code="g">ROK-Gju</subfield>
         </datafield>
         <datafield tag="622" ind1=" " ind2=" ">
            <subfield code="e">Seoul Jangsin University Library, 145, Gyeongan-ro, Gwangju-si,,  Gyeonggi-do, Gwangju 464-742, Republic of Korea</subfield>
            <subfield code="u">http://lib.sjs.ac.kr/SlimaDL/</subfield>
         </datafield>
      </record>