
      <record>
         <leader>00000nz  a2200169   4500</leader>
         <controlfield tag="001">30079112</controlfield>
         <controlfield tag="003">RISM</controlfield>
         <controlfield tag="005">20160216</controlfield>
         <controlfield tag="008">160216n||az|||||||##########||||||||||||</controlfield>
         <datafield tag="040" ind1=" " ind2=" ">
            <subfield code="a">ROK-Gnue</subfield>
         </datafield>
         <datafield tag="043" ind1=" " ind2=" ">
            <subfield code="c">KR</subfield>
         </datafield>
         <datafield tag="110" ind1="2" ind2=" ">
            <subfield code="a">Gwangju National University of Education, Library</subfield>
            <subfield code="c">Gwangju</subfield>
            <subfield code="g">ROK-Gnue</subfield>
         </datafield>
         <datafield tag="622" ind1=" " ind2=" ">
            <subfield code="e">Gwangju National University of, Education, Library, 55, Pilmun-daero, Buk-gu, Gwangju 500-703, Republic of Korea</subfield>
            <subfield code="u">http://library.gnue.ac.kr/</subfield>
         </datafield>
      </record>