
      <record>
         <leader>00000nz  a2200169   4500</leader>
         <controlfield tag="001">30079135</controlfield>
         <controlfield tag="003">RISM</controlfield>
         <controlfield tag="005">20160216</controlfield>
         <controlfield tag="008">160216n||az|||||||##########||||||||||||</controlfield>
         <datafield tag="040" ind1=" " ind2=" ">
            <subfield code="a">ROK-GNwnu</subfield>
         </datafield>
         <datafield tag="043" ind1=" " ind2=" ">
            <subfield code="c">KR</subfield>
         </datafield>
         <datafield tag="110" ind1="2" ind2=" ">
            <subfield code="a">Gangneung-Wonju National University, Library</subfield>
            <subfield code="c">Gangneung</subfield>
            <subfield code="g">ROK-GNwnu</subfield>
         </datafield>
         <datafield tag="622" ind1=" " ind2=" ">
            <subfield code="e">Gangneung-Wonju National University,  Library, 7, Jukheon-gil, Gangneung-si, Gangwon-do, Gangneung 210-702, Republic of Korea</subfield>
            <subfield code="u">http://iskul.gwnu.ac.kr/</subfield>
         </datafield>
      </record>