
      <record>
         <leader>00000nz  a2200169   4500</leader>
         <controlfield tag="001">30079142</controlfield>
         <controlfield tag="003">RISM</controlfield>
         <controlfield tag="005">20160216</controlfield>
         <controlfield tag="008">160216n||az|||||||##########||||||||||||</controlfield>
         <datafield tag="040" ind1=" " ind2=" ">
            <subfield code="a">ROK-GOnue</subfield>
         </datafield>
         <datafield tag="043" ind1=" " ind2=" ">
            <subfield code="c">KR</subfield>
         </datafield>
         <datafield tag="110" ind1="2" ind2=" ">
            <subfield code="a">Gongju National University of Education, Library</subfield>
            <subfield code="c">Gongju</subfield>
            <subfield code="g">ROK-GOnue</subfield>
         </datafield>
         <datafield tag="622" ind1=" " ind2=" ">
            <subfield code="e">Gongju National University of Education,,  Library, 27, Ungjin-ro, Gongju-si,,  Chungcheongnam-do, Gongju 314-711, Republic of Korea</subfield>
            <subfield code="u">http://lib.gjue.ac.kr/</subfield>
         </datafield>
      </record>