
      <record>
         <leader>00000nz  a2200169   4500</leader>
         <controlfield tag="001">30079115</controlfield>
         <controlfield tag="003">RISM</controlfield>
         <controlfield tag="005">20160216</controlfield>
         <controlfield tag="008">160216n||az|||||||##########||||||||||||</controlfield>
         <datafield tag="040" ind1=" " ind2=" ">
            <subfield code="a">ROK-Gu</subfield>
         </datafield>
         <datafield tag="043" ind1=" " ind2=" ">
            <subfield code="c">KR</subfield>
         </datafield>
         <datafield tag="110" ind1="2" ind2=" ">
            <subfield code="a">Gwangju University Library</subfield>
            <subfield code="c">Gwangju</subfield>
            <subfield code="g">ROK-Gu</subfield>
         </datafield>
         <datafield tag="622" ind1=" " ind2=" ">
            <subfield code="e">Gwangju University Library, 277 Hyodeok-ro, Nam-gu, Gwangju 503-703, Republic of Korea</subfield>
            <subfield code="u">http://klic.gwangju.ac.kr/</subfield>
         </datafield>
      </record>