
      <record>
         <leader>00000nz  a2200169   4500</leader>
         <controlfield tag="001">30079123</controlfield>
         <controlfield tag="003">RISM</controlfield>
         <controlfield tag="005">20160216</controlfield>
         <controlfield tag="008">160216n||az|||||||##########||||||||||||</controlfield>
         <datafield tag="040" ind1=" " ind2=" ">
            <subfield code="a">ROK-GUhsu</subfield>
         </datafield>
         <datafield tag="043" ind1=" " ind2=" ">
            <subfield code="c">KR</subfield>
         </datafield>
         <datafield tag="110" ind1="2" ind2=" ">
            <subfield code="a">Hansei University Library</subfield>
            <subfield code="c">Gunpo</subfield>
            <subfield code="g">ROK-GUhsu</subfield>
         </datafield>
         <datafield tag="622" ind1=" " ind2=" ">
            <subfield code="e">Hansei University Library, 30, Hanse-ro, Gunpo-si, Gyeonggi-do, Gunpo 435-742, Republic of Korea</subfield>
            <subfield code="u">http://lib.hansei.ac.kr/</subfield>
         </datafield>
      </record>