
      <record>
         <leader>00000nz  a2200169   4500</leader>
         <controlfield tag="001">30079148</controlfield>
         <controlfield tag="003">RISM</controlfield>
         <controlfield tag="005">20160216</controlfield>
         <controlfield tag="008">160216n||az|||||||##########||||||||||||</controlfield>
         <datafield tag="040" ind1=" " ind2=" ">
            <subfield code="a">ROK-GUnu</subfield>
         </datafield>
         <datafield tag="043" ind1=" " ind2=" ">
            <subfield code="c">KR</subfield>
         </datafield>
         <datafield tag="110" ind1="2" ind2=" ">
            <subfield code="a">Gunsan National University, Library</subfield>
            <subfield code="c">Gunsan</subfield>
            <subfield code="g">ROK-GUnu</subfield>
         </datafield>
         <datafield tag="622" ind1=" " ind2=" ">
            <subfield code="e">Gunsan National University, Library, 558, Daehak-ro, Gunsan-si, Jeollabuk-do, Gunsan 573-701, Republic of Korea</subfield>
            <subfield code="u">http://library.kunsan.ac.kr/</subfield>
         </datafield>
      </record>