
      <record>
         <leader>00000nz  a2200169   4500</leader>
         <controlfield tag="001">30079126</controlfield>
         <controlfield tag="003">RISM</controlfield>
         <controlfield tag="005">20160216</controlfield>
         <controlfield tag="008">160216n||az|||||||##########||||||||||||</controlfield>
         <datafield tag="040" ind1=" " ind2=" ">
            <subfield code="a">ROK-HWsu</subfield>
         </datafield>
         <datafield tag="043" ind1=" " ind2=" ">
            <subfield code="c">KR</subfield>
         </datafield>
         <datafield tag="110" ind1="2" ind2=" ">
            <subfield code="a">Suwon University, Central Library</subfield>
            <subfield code="c">Hwaseong</subfield>
            <subfield code="g">ROK-HWsu</subfield>
         </datafield>
         <datafield tag="622" ind1=" " ind2=" ">
            <subfield code="e">Suwon University, Central Library, 17, Wauan-gil, Bongdam-eup, Hwaseong-si,,  Gyeonggi-do, Hwaseong 445-743, Republic of Korea</subfield>
            <subfield code="u">http://lib.suwon.ac.kr/</subfield>
         </datafield>
      </record>