
      <record>
         <leader>00000nz  a2200169   4500</leader>
         <controlfield tag="001">30078910</controlfield>
         <controlfield tag="003">RISM</controlfield>
         <controlfield tag="005">20160216</controlfield>
         <controlfield tag="008">160216n||az|||||||##########||||||||||||</controlfield>
         <datafield tag="040" ind1=" " ind2=" ">
            <subfield code="a">ROK-IKwu</subfield>
         </datafield>
         <datafield tag="043" ind1=" " ind2=" ">
            <subfield code="c">KR</subfield>
         </datafield>
         <datafield tag="110" ind1="2" ind2=" ">
            <subfield code="a">Wonkwang University</subfield>
            <subfield code="c">Iksan</subfield>
            <subfield code="g">ROK-IKwu</subfield>
         </datafield>
         <datafield tag="410" ind1="2" ind2=" ">
            <subfield code="a">Wonkwang Taehakkyo</subfield>
         </datafield>
         <datafield tag="622" ind1=" " ind2=" ">
            <subfield code="e">Wonkwang University, 460 Iksandae-ro, Iksan, Jeollabuk-do 570-749, Republic of Korea</subfield>
            <subfield code="u">http://www.wku.ac.kr</subfield>
         </datafield>
      </record>