
      <record>
         <leader>00000nz  a2200169   4500</leader>
         <controlfield tag="001">30077552</controlfield>
         <controlfield tag="003">RISM</controlfield>
         <controlfield tag="005">20160216</controlfield>
         <controlfield tag="008">160216n||az|||||||##########||||||||||||</controlfield>
         <datafield tag="040" ind1=" " ind2=" ">
            <subfield code="a">ROK-Imch</subfield>
         </datafield>
         <datafield tag="043" ind1=" " ind2=" ">
            <subfield code="c">KR</subfield>
         </datafield>
         <datafield tag="110" ind1="2" ind2=" ">
            <subfield code="a">The History Museum of Korean Christian</subfield>
            <subfield code="c">Icheon</subfield>
            <subfield code="g">ROK-Imch</subfield>
         </datafield>
         <datafield tag="410" ind1="2" ind2=" ">
            <subfield code="a">Hanguk Gidokgyo Yeoksa Bakmulgwan</subfield>
         </datafield>
         <datafield tag="622" ind1=" " ind2=" ">
            <subfield code="e">The History Museum of Korean Christian, 474-2 Choji 1-ri, Daewol-myeon, Icheon, Republic of Korea</subfield>
            <subfield code="u">http://www.kchmuseum.org</subfield>
         </datafield>
      </record>