
      <record>
         <leader>00000nz  a2200169   4500</leader>
         <controlfield tag="001">30079110</controlfield>
         <controlfield tag="003">RISM</controlfield>
         <controlfield tag="005">20160216</controlfield>
         <controlfield tag="008">160216n||az|||||||##########||||||||||||</controlfield>
         <datafield tag="040" ind1=" " ind2=" ">
            <subfield code="a">ROK-INnu</subfield>
         </datafield>
         <datafield tag="043" ind1=" " ind2=" ">
            <subfield code="c">KR</subfield>
         </datafield>
         <datafield tag="110" ind1="2" ind2=" ">
            <subfield code="a">Incheon National University, Hak San Library</subfield>
            <subfield code="c">Incheon</subfield>
            <subfield code="g">ROK-INnu</subfield>
         </datafield>
         <datafield tag="622" ind1=" " ind2=" ">
            <subfield code="e">Incheon National University, Hak San,  Library, 119, Academy-ro, Yeonsu-gu, Incheon 406-840, Republic of Korea</subfield>
            <subfield code="u">http://lib.incheon.ac.kr</subfield>
         </datafield>
      </record>