
      <record>
         <leader>00000nz  a2200169   4500</leader>
         <controlfield tag="001">30079147</controlfield>
         <controlfield tag="003">RISM</controlfield>
         <controlfield tag="005">20160216</controlfield>
         <controlfield tag="008">160216n||az|||||||##########||||||||||||</controlfield>
         <datafield tag="040" ind1=" " ind2=" ">
            <subfield code="a">ROK-Jcnu</subfield>
         </datafield>
         <datafield tag="043" ind1=" " ind2=" ">
            <subfield code="c">KR</subfield>
         </datafield>
         <datafield tag="110" ind1="2" ind2=" ">
            <subfield code="a">Chonbuk National University, Library</subfield>
            <subfield code="c">Jeonju</subfield>
            <subfield code="g">ROK-Jcnu</subfield>
         </datafield>
         <datafield tag="622" ind1=" " ind2=" ">
            <subfield code="e">Chonbuk National University, Library, 567, Baekje-daero, Deokjin-gu,,  Jeonju-si, Jeollabuk-do, Jeonju 561-756, Republic of Korea</subfield>
            <subfield code="u">http://dl.chonbuk.ac.kr/</subfield>
         </datafield>
      </record>