
      <record>
         <leader>00000nz  a2200169   4500</leader>
         <controlfield tag="001">30079150</controlfield>
         <controlfield tag="003">RISM</controlfield>
         <controlfield tag="005">20160216</controlfield>
         <controlfield tag="008">160216n||az|||||||##########||||||||||||</controlfield>
         <datafield tag="040" ind1=" " ind2=" ">
            <subfield code="a">ROK-JJhu</subfield>
         </datafield>
         <datafield tag="043" ind1=" " ind2=" ">
            <subfield code="c">KR</subfield>
         </datafield>
         <datafield tag="110" ind1="2" ind2=" ">
            <subfield code="a">Cheju Halla University Library</subfield>
            <subfield code="c">Jeju</subfield>
            <subfield code="g">ROK-JJhu</subfield>
         </datafield>
         <datafield tag="622" ind1=" " ind2=" ">
            <subfield code="e">Cheju Halla University Library, 38, Halladaehak-ro, Jeju-si, Jeju,  Special Self-Governing Province, Jeju 690-708, Republic of Korea</subfield>
            <subfield code="u">http://lib.chu.ac.kr/</subfield>
         </datafield>
      </record>