
      <record>
         <leader>00000nz  a2200169   4500</leader>
         <controlfield tag="001">30079151</controlfield>
         <controlfield tag="003">RISM</controlfield>
         <controlfield tag="005">20160216</controlfield>
         <controlfield tag="008">160216n||az|||||||##########||||||||||||</controlfield>
         <datafield tag="040" ind1=" " ind2=" ">
            <subfield code="a">ROK-JJnutc</subfield>
         </datafield>
         <datafield tag="043" ind1=" " ind2=" ">
            <subfield code="c">KR</subfield>
         </datafield>
         <datafield tag="110" ind1="2" ind2=" ">
            <subfield code="a">Jeju National University Teachers College, Library</subfield>
            <subfield code="c">Jeju</subfield>
            <subfield code="g">ROK-JJnutc</subfield>
         </datafield>
         <datafield tag="622" ind1=" " ind2=" ">
            <subfield code="e">Jeju National University Teachers,  College, Library, 61, Iljudong-ro, Jeju-si, Jeju Special,  Self-Governing Province, Jeju 690-781, Republic of Korea</subfield>
            <subfield code="u">http://edu.jejunu.ac.kr/</subfield>
         </datafield>
      </record>