
      <record>
         <leader>00000nz  a2200169   4500</leader>
         <controlfield tag="001">30079145</controlfield>
         <controlfield tag="003">RISM</controlfield>
         <controlfield tag="005">20160216</controlfield>
         <controlfield tag="008">160216n||az|||||||##########||||||||||||</controlfield>
         <datafield tag="040" ind1=" " ind2=" ">
            <subfield code="a">ROK-Jnue</subfield>
         </datafield>
         <datafield tag="043" ind1=" " ind2=" ">
            <subfield code="c">KR</subfield>
         </datafield>
         <datafield tag="110" ind1="2" ind2=" ">
            <subfield code="a">Jeonju National University of Education, Library</subfield>
            <subfield code="c">Jeonju</subfield>
            <subfield code="g">ROK-Jnue</subfield>
         </datafield>
         <datafield tag="622" ind1=" " ind2=" ">
            <subfield code="e">Jeonju National University of Education,,  Library, 50, Seohak-ro, Wansan-gu, Jeonju-si,,  Jeollabuk-do, Jeonju 560-757, Republic of Korea</subfield>
            <subfield code="u">http://lib.jnue.ac.kr/JNUE/</subfield>
         </datafield>
      </record>