
      <record>
         <leader>00000nz  a2200169   4500</leader>
         <controlfield tag="001">30079146</controlfield>
         <controlfield tag="003">RISM</controlfield>
         <controlfield tag="005">20160216</controlfield>
         <controlfield tag="008">160216n||az|||||||##########||||||||||||</controlfield>
         <datafield tag="040" ind1=" " ind2=" ">
            <subfield code="a">ROK-Ju</subfield>
         </datafield>
         <datafield tag="043" ind1=" " ind2=" ">
            <subfield code="c">KR</subfield>
         </datafield>
         <datafield tag="110" ind1="2" ind2=" ">
            <subfield code="a">Jeonju University Library</subfield>
            <subfield code="c">Jeonju</subfield>
            <subfield code="g">ROK-Ju</subfield>
         </datafield>
         <datafield tag="622" ind1=" " ind2=" ">
            <subfield code="e">Jeonju University Library, 303, Cheonjam-ro, Wansan-gu, Jeonju-si,,  Jeollabuk-do, Jeonju 560-759, Republic of Korea</subfield>
            <subfield code="u">http://lib.jj.ac.kr/index.ax</subfield>
         </datafield>
      </record>