
      <record>
         <leader>00000nz  a2200169   4500</leader>
         <controlfield tag="001">30079163</controlfield>
         <controlfield tag="003">RISM</controlfield>
         <controlfield tag="005">20160216</controlfield>
         <controlfield tag="008">160216n||az|||||||##########||||||||||||</controlfield>
         <datafield tag="040" ind1=" " ind2=" ">
            <subfield code="a">ROK-MUmnu</subfield>
         </datafield>
         <datafield tag="043" ind1=" " ind2=" ">
            <subfield code="c">KR</subfield>
         </datafield>
         <datafield tag="110" ind1="2" ind2=" ">
            <subfield code="a">Mokpo National University, Library</subfield>
            <subfield code="c">Muan-gun</subfield>
            <subfield code="g">ROK-MUmnu</subfield>
         </datafield>
         <datafield tag="622" ind1=" " ind2=" ">
            <subfield code="e">Mokpo National University, Library, 1666, Yeongsan-ro, Cheonggye-myeon,,  Jeollanam-do, Muan-gun 534-729, Republic of Korea</subfield>
            <subfield code="u">http://library.mokpo.ac.kr/</subfield>
         </datafield>
      </record>