
      <record>
         <leader>00000nz  a2200169   4500</leader>
         <controlfield tag="001">30079158</controlfield>
         <controlfield tag="003">RISM</controlfield>
         <controlfield tag="005">20160216</controlfield>
         <controlfield tag="008">160216n||az|||||||##########||||||||||||</controlfield>
         <datafield tag="040" ind1=" " ind2=" ">
            <subfield code="a">ROK-OKcpc</subfield>
         </datafield>
         <datafield tag="043" ind1=" " ind2=" ">
            <subfield code="c">KR</subfield>
         </datafield>
         <datafield tag="110" ind1="2" ind2=" ">
            <subfield code="a">Chungbuk Provincial College</subfield>
            <subfield code="c">Okcheon-gun</subfield>
            <subfield code="g">ROK-OKcpc</subfield>
         </datafield>
         <datafield tag="622" ind1=" " ind2=" ">
            <subfield code="e">Chungbuk Provincial College, 15, Daehak-gil, Okcheon-eup,,  Chungcheongbuk-do, Okcheon-gun 373-803, Republic of Korea</subfield>
            <subfield code="u">http://lib.cpu.ac.kr/</subfield>
         </datafield>
      </record>