
      <record>
         <leader>00000nz  a2200169   4500</leader>
         <controlfield tag="001">30079131</controlfield>
         <controlfield tag="003">RISM</controlfield>
         <controlfield tag="005">20160216</controlfield>
         <controlfield tag="008">160216n||az|||||||##########||||||||||||</controlfield>
         <datafield tag="040" ind1=" " ind2=" ">
            <subfield code="a">ROK-Pdu</subfield>
         </datafield>
         <datafield tag="043" ind1=" " ind2=" ">
            <subfield code="c">KR</subfield>
         </datafield>
         <datafield tag="110" ind1="2" ind2=" ">
            <subfield code="a">Daejin University Library</subfield>
            <subfield code="c">Pocheon</subfield>
            <subfield code="g">ROK-Pdu</subfield>
         </datafield>
         <datafield tag="622" ind1=" " ind2=" ">
            <subfield code="e">Daejin University Library, 1007, Hoguk-ro, Pocheon-si, Gyeonggi-do, Pocheon 487-711, Republic of Korea</subfield>
            <subfield code="u">http://library.daejin.ac.kr/</subfield>
         </datafield>
      </record>