
      <record>
         <leader>00000nz  a2200169   4500</leader>
         <controlfield tag="001">30079089</controlfield>
         <controlfield tag="003">RISM</controlfield>
         <controlfield tag="005">20160216</controlfield>
         <controlfield tag="008">160216n||az|||||||##########||||||||||||</controlfield>
         <datafield tag="040" ind1=" " ind2=" ">
            <subfield code="a">ROK-Sbsau</subfield>
         </datafield>
         <datafield tag="043" ind1=" " ind2=" ">
            <subfield code="c">KR</subfield>
         </datafield>
         <datafield tag="110" ind1="2" ind2=" ">
            <subfield code="a">BaekSeok Arts University, Library &amp; Information Center</subfield>
            <subfield code="c">Seoul</subfield>
            <subfield code="g">ROK-Sbsau</subfield>
         </datafield>
         <datafield tag="622" ind1=" " ind2=" ">
            <subfield code="e">BaekSeok Arts University,, Library &amp; Information Center, 114, Hyoryeong-ro, Seocho-gu, Seoul 137-848, Republic of Korea</subfield>
            <subfield code="u">http://slib.bu.ac.kr/</subfield>
         </datafield>
      </record>