
      <record>
         <leader>00000nz  a2200169   4500</leader>
         <controlfield tag="001">30079074</controlfield>
         <controlfield tag="003">RISM</controlfield>
         <controlfield tag="005">20160216</controlfield>
         <controlfield tag="008">160216n||az|||||||##########||||||||||||</controlfield>
         <datafield tag="040" ind1=" " ind2=" ">
            <subfield code="a">ROK-Sbwu</subfield>
         </datafield>
         <datafield tag="043" ind1=" " ind2=" ">
            <subfield code="c">KR</subfield>
         </datafield>
         <datafield tag="110" ind1="2" ind2=" ">
            <subfield code="a">Baewha Women's University Library</subfield>
            <subfield code="c">Seoul</subfield>
            <subfield code="g">ROK-Sbwu</subfield>
         </datafield>
         <datafield tag="622" ind1=" " ind2=" ">
            <subfield code="e">Baewha Women's University Library, Junior College, 34, Pirundae-ro 1-gil, Jongno-gu, Seoul 110-735, Republic of Korea</subfield>
            <subfield code="u">http://lib.baewha.ac.kr/BAEWHA/</subfield>
         </datafield>
      </record>