
      <record>
         <leader>00000nz  a2200169   4500</leader>
         <controlfield tag="001">30079077</controlfield>
         <controlfield tag="003">RISM</controlfield>
         <controlfield tag="005">20160216</controlfield>
         <controlfield tag="008">160216n||az|||||||##########||||||||||||</controlfield>
         <datafield tag="040" ind1=" " ind2=" ">
            <subfield code="a">ROK-Scgua</subfield>
         </datafield>
         <datafield tag="043" ind1=" " ind2=" ">
            <subfield code="c">KR</subfield>
         </datafield>
         <datafield tag="110" ind1="2" ind2=" ">
            <subfield code="a">ChuGye University for the Arts, Digital Information Library</subfield>
            <subfield code="c">Seoul</subfield>
            <subfield code="g">ROK-Scgua</subfield>
         </datafield>
         <datafield tag="622" ind1=" " ind2=" ">
            <subfield code="e">ChuGye University for the Arts, Digital,  Information Library, 7, Bugahyeon-ro 11ga-gil, Seodaemun-gu, Seoul 120-763, Republic of Korea</subfield>
            <subfield code="u">http://library.chugye.ac.kr/DLSearch/TGUI/Theme/web/index.asp</subfield>
         </datafield>
      </record>