
      <record>
         <leader>00000nz  a2200169   4500</leader>
         <controlfield tag="001">30079078</controlfield>
         <controlfield tag="003">RISM</controlfield>
         <controlfield tag="005">20160216</controlfield>
         <controlfield tag="008">160216n||az|||||||##########||||||||||||</controlfield>
         <datafield tag="040" ind1=" " ind2=" ">
            <subfield code="a">ROK-Schu</subfield>
         </datafield>
         <datafield tag="043" ind1=" " ind2=" ">
            <subfield code="c">KR</subfield>
         </datafield>
         <datafield tag="110" ind1="2" ind2=" ">
            <subfield code="a">Seoul Christian University, Library</subfield>
            <subfield code="c">Seoul</subfield>
            <subfield code="g">ROK-Schu</subfield>
         </datafield>
         <datafield tag="622" ind1=" " ind2=" ">
            <subfield code="e">Seoul Christian University, Library, 26-2, Galhyeon-ro 4-gil, Eunpyeong-gu, Seoul 122-879, Republic of Korea</subfield>
            <subfield code="u">http://lib.scu.ac.kr/</subfield>
         </datafield>
      </record>