
      <record>
         <leader>00000nz  a2200169   4500</leader>
         <controlfield tag="001">30077559</controlfield>
         <controlfield tag="003">RISM</controlfield>
         <controlfield tag="005">20160216</controlfield>
         <controlfield tag="008">160216n||az|||||||##########||||||||||||</controlfield>
         <datafield tag="040" ind1=" " ind2=" ">
            <subfield code="a">ROK-Scmsu</subfield>
         </datafield>
         <datafield tag="043" ind1=" " ind2=" ">
            <subfield code="c">KR</subfield>
         </datafield>
         <datafield tag="110" ind1="2" ind2=" ">
            <subfield code="a">The Korean Christian Museum at Soongsil University</subfield>
            <subfield code="c">Seoul</subfield>
            <subfield code="g">ROK-Scmsu</subfield>
         </datafield>
         <datafield tag="410" ind1="2" ind2=" ">
            <subfield code="a">Soongsil Daehakgyo Bakmulgwan</subfield>
         </datafield>
         <datafield tag="622" ind1=" " ind2=" ">
            <subfield code="e">The Korean Christian Museum at Soongsil,  University, 369 Sangdo-ro, Dongjak-gu, Seoul 156-743, Republic of Korea</subfield>
            <subfield code="u">http://museum.ssu.ac.kr</subfield>
         </datafield>
      </record>