
      <record>
         <leader>00000nz  a2200169   4500</leader>
         <controlfield tag="001">30079085</controlfield>
         <controlfield tag="003">RISM</controlfield>
         <controlfield tag="005">20160216</controlfield>
         <controlfield tag="008">160216n||az|||||||##########||||||||||||</controlfield>
         <datafield tag="040" ind1=" " ind2=" ">
            <subfield code="a">ROK-Sddwu</subfield>
         </datafield>
         <datafield tag="043" ind1=" " ind2=" ">
            <subfield code="c">KR</subfield>
         </datafield>
         <datafield tag="110" ind1="2" ind2=" ">
            <subfield code="a">DongDuk Women's University, Choon-gang Academic Information Center</subfield>
            <subfield code="c">Seoul</subfield>
            <subfield code="g">ROK-Sddwu</subfield>
         </datafield>
         <datafield tag="622" ind1=" " ind2=" ">
            <subfield code="e">DongDuk Women's University, Choon-gang,  Academic Information Center, 60, Hwarang-ro 13-gil, Seongbuk-gu, Seoul 136-714, Republic of Korea</subfield>
            <subfield code="u">http://library.dongduk.ac.kr/index.ax</subfield>
         </datafield>
      </record>