
      <record>
         <leader>00000nz  a2200169   4500</leader>
         <controlfield tag="001">30079081</controlfield>
         <controlfield tag="003">RISM</controlfield>
         <controlfield tag="005">20160216</controlfield>
         <controlfield tag="008">160216n||az|||||||##########||||||||||||</controlfield>
         <datafield tag="040" ind1=" " ind2=" ">
            <subfield code="a">ROK-Sdswu</subfield>
         </datafield>
         <datafield tag="043" ind1=" " ind2=" ">
            <subfield code="c">KR</subfield>
         </datafield>
         <datafield tag="110" ind1="2" ind2=" ">
            <subfield code="a">DukSung Women's University Library</subfield>
            <subfield code="c">Seoul</subfield>
            <subfield code="g">ROK-Sdswu</subfield>
         </datafield>
         <datafield tag="622" ind1=" " ind2=" ">
            <subfield code="e">DukSung Women's University Library, 33, Samyang-ro 144-gil, Dobong-gu, Seoul 132-714, Republic of Korea</subfield>
            <subfield code="u">http://discover.duksung.ac.kr/</subfield>
         </datafield>
      </record>