
      <record>
         <leader>00000nz  a2200169   4500</leader>
         <controlfield tag="001">30079072</controlfield>
         <controlfield tag="003">RISM</controlfield>
         <controlfield tag="005">20160216</controlfield>
         <controlfield tag="008">160216n||az|||||||##########||||||||||||</controlfield>
         <datafield tag="040" ind1=" " ind2=" ">
            <subfield code="a">ROK-Sdu</subfield>
         </datafield>
         <datafield tag="043" ind1=" " ind2=" ">
            <subfield code="c">KR</subfield>
         </datafield>
         <datafield tag="110" ind1="2" ind2=" ">
            <subfield code="a">Dongguk University, Central Library</subfield>
            <subfield code="c">Seoul</subfield>
            <subfield code="g">ROK-Sdu</subfield>
         </datafield>
         <datafield tag="622" ind1=" " ind2=" ">
            <subfield code="e">Dongguk University, Central Library, 30, Pildong-ro 1-gil, Jung-gu, Seoul 100-715, Republic of Korea &#xD;</subfield>
            <subfield code="u">http://lib.dongguk.edu</subfield>
         </datafield>
      </record>