
      <record>
         <leader>00000nz  a2200169   4500</leader>
         <controlfield tag="001">30079144</controlfield>
         <controlfield tag="003">RISM</controlfield>
         <controlfield tag="005">20160216</controlfield>
         <controlfield tag="008">160216n||az|||||||##########||||||||||||</controlfield>
         <datafield tag="040" ind1=" " ind2=" ">
            <subfield code="a">ROK-SEhu</subfield>
         </datafield>
         <datafield tag="043" ind1=" " ind2=" ">
            <subfield code="c">KR</subfield>
         </datafield>
         <datafield tag="110" ind1="2" ind2=" ">
            <subfield code="a">Hanseo University Library</subfield>
            <subfield code="c">Seosan</subfield>
            <subfield code="g">ROK-SEhu</subfield>
         </datafield>
         <datafield tag="622" ind1=" " ind2=" ">
            <subfield code="e">Hanseo University Library, 46, Hanseo 1ro, Haemi-myeon, Seosan-si,,  Chungcheongnam-do, Seosan 356-706, Republic of Korea</subfield>
            <subfield code="u">http://library.hanseo.ac.kr/</subfield>
         </datafield>
      </record>