
      <record>
         <leader>00000nz  a2200169   4500</leader>
         <controlfield tag="001">30077555</controlfield>
         <controlfield tag="003">RISM</controlfield>
         <controlfield tag="005">20160216</controlfield>
         <controlfield tag="008">160216n||az|||||||##########||||||||||||</controlfield>
         <datafield tag="040" ind1=" " ind2=" ">
            <subfield code="a">ROK-Semri</subfield>
         </datafield>
         <datafield tag="043" ind1=" " ind2=" ">
            <subfield code="c">KR</subfield>
         </datafield>
         <datafield tag="110" ind1="2" ind2=" ">
            <subfield code="a">Ewha Music Research Institute</subfield>
            <subfield code="c">Seoul</subfield>
            <subfield code="g">ROK-Semri</subfield>
         </datafield>
         <datafield tag="410" ind1="2" ind2=" ">
            <subfield code="a">Ewha Yeoja Daehakgyo Eumak Yeonguso</subfield>
         </datafield>
         <datafield tag="622" ind1=" " ind2=" ">
            <subfield code="e">Ewha Music Research Institute, 52, Ewhayeodae-gil, Seodaemun-gu, Seoul 120-750, Republic of Korea</subfield>
            <subfield code="u">http://musicie.ewha.ac.kr</subfield>
         </datafield>
      </record>