
      <record>
         <leader>00000nz  a2200169   4500</leader>
         <controlfield tag="001">30079088</controlfield>
         <controlfield tag="003">RISM</controlfield>
         <controlfield tag="005">20160216</controlfield>
         <controlfield tag="008">160216n||az|||||||##########||||||||||||</controlfield>
         <datafield tag="040" ind1=" " ind2=" ">
            <subfield code="a">ROK-Shsu</subfield>
         </datafield>
         <datafield tag="043" ind1=" " ind2=" ">
            <subfield code="c">KR</subfield>
         </datafield>
         <datafield tag="110" ind1="2" ind2=" ">
            <subfield code="a">HanSung University, Digital Library</subfield>
            <subfield code="c">Seoul</subfield>
            <subfield code="g">ROK-Shsu</subfield>
         </datafield>
         <datafield tag="622" ind1=" " ind2=" ">
            <subfield code="e">HanSung University, Digital Library, 116, Samseongyo-ro 16-gil, Seongbuk-gu, Seoul 136-792, Republic of Korea</subfield>
            <subfield code="u">http://hsel.hansung.ac.kr/</subfield>
         </datafield>
      </record>