
      <record>
         <leader>00000nz  a2200169   4500</leader>
         <controlfield tag="001">30079094</controlfield>
         <controlfield tag="003">RISM</controlfield>
         <controlfield tag="005">20160216</controlfield>
         <controlfield tag="008">160216n||az|||||||##########||||||||||||</controlfield>
         <datafield tag="040" ind1=" " ind2=" ">
            <subfield code="a">ROK-Shyt</subfield>
         </datafield>
         <datafield tag="043" ind1=" " ind2=" ">
            <subfield code="c">KR</subfield>
         </datafield>
         <datafield tag="110" ind1="2" ind2=" ">
            <subfield code="a">HanYoung Theological University, Library</subfield>
            <subfield code="c">Seoul</subfield>
            <subfield code="g">ROK-Shyt</subfield>
         </datafield>
         <datafield tag="622" ind1=" " ind2=" ">
            <subfield code="e">HanYoung Theological University, Library, 290-42, Gyeongin-ro, Guro-gu, Seoul 152-717, Republic of Korea</subfield>
            <subfield code="u">http://lib.hytu.ac.kr/</subfield>
         </datafield>
      </record>