
      <record>
         <leader>00000nz  a2200169   4500</leader>
         <controlfield tag="001">30079082</controlfield>
         <controlfield tag="003">RISM</controlfield>
         <controlfield tag="005">20160216</controlfield>
         <controlfield tag="008">160216n||az|||||||##########||||||||||||</controlfield>
         <datafield tag="040" ind1=" " ind2=" ">
            <subfield code="a">ROK-Shyu</subfield>
         </datafield>
         <datafield tag="043" ind1=" " ind2=" ">
            <subfield code="c">KR</subfield>
         </datafield>
         <datafield tag="110" ind1="2" ind2=" ">
            <subfield code="a">HanYang University Library</subfield>
            <subfield code="c">Seoul</subfield>
            <subfield code="g">ROK-Shyu</subfield>
         </datafield>
         <datafield tag="622" ind1=" " ind2=" ">
            <subfield code="e">HanYang University Library, 222 Wangsimni-ro, Seongdong-gu, Seoul 133-791, Republic of Korea</subfield>
            <subfield code="u">http://library.hanyang.ac.kr/paiknam/index.jsp</subfield>
         </datafield>
      </record>