
      <record>
         <leader>00000nz  a2200169   4500</leader>
         <controlfield tag="001">30077549</controlfield>
         <controlfield tag="003">RISM</controlfield>
         <controlfield tag="005">20160216</controlfield>
         <controlfield tag="008">160216n||az|||||||##########||||||||||||</controlfield>
         <datafield tag="040" ind1=" " ind2=" ">
            <subfield code="a">ROK-Ski</subfield>
         </datafield>
         <datafield tag="043" ind1=" " ind2=" ">
            <subfield code="c">KR</subfield>
         </datafield>
         <datafield tag="110" ind1="2" ind2=" ">
            <subfield code="a">Kyujanggak Institute For Korean Studies at Seoul National University</subfield>
            <subfield code="c">Seoul</subfield>
            <subfield code="g">ROK-Ski</subfield>
         </datafield>
         <datafield tag="410" ind1="2" ind2=" ">
            <subfield code="a">Daehakkyo Kyujanggak Hangukhak Yeonguwon</subfield>
         </datafield>
         <datafield tag="622" ind1=" " ind2=" ">
            <subfield code="e">Kyujanggak Institute For Korean Studies,  at Seoul National University, #103 San 56-1, Shinrimdong, Kwanakgu, Seoul 151-742, Republic of Korea</subfield>
            <subfield code="u">http://e-kyujanggak.snu.ac.kr</subfield>
         </datafield>
      </record>