
      <record>
         <leader>00000nz  a2200169   4500</leader>
         <controlfield tag="001">30079086</controlfield>
         <controlfield tag="003">RISM</controlfield>
         <controlfield tag="005">20160216</controlfield>
         <controlfield tag="008">160216n||az|||||||##########||||||||||||</controlfield>
         <datafield tag="040" ind1=" " ind2=" ">
            <subfield code="a">ROK-Sknua</subfield>
         </datafield>
         <datafield tag="043" ind1=" " ind2=" ">
            <subfield code="c">KR</subfield>
         </datafield>
         <datafield tag="110" ind1="2" ind2=" ">
            <subfield code="a">Korea National University of Arts, Digital Library</subfield>
            <subfield code="c">Seoul</subfield>
            <subfield code="g">ROK-Sknua</subfield>
         </datafield>
         <datafield tag="622" ind1=" " ind2=" ">
            <subfield code="e">Korea National University of Arts,,  Digital Library, 146-37, Hwarang-ro 32-gil, Seongbuk-gu, Seoul 136-716, Republic of Korea</subfield>
            <subfield code="u">http://lib.karts.ac.kr/</subfield>
         </datafield>
      </record>