
      <record>
         <leader>00000nz  a2200169   4500</leader>
         <controlfield tag="001">30078909</controlfield>
         <controlfield tag="003">RISM</controlfield>
         <controlfield tag="005">20160216</controlfield>
         <controlfield tag="008">160216n||az|||||||##########||||||||||||</controlfield>
         <datafield tag="040" ind1=" " ind2=" ">
            <subfield code="a">ROK-Sku</subfield>
         </datafield>
         <datafield tag="043" ind1=" " ind2=" ">
            <subfield code="c">KR</subfield>
         </datafield>
         <datafield tag="110" ind1="2" ind2=" ">
            <subfield code="a">Korea University</subfield>
            <subfield code="c">Seoul</subfield>
            <subfield code="g">ROK-Sku</subfield>
         </datafield>
         <datafield tag="410" ind1="2" ind2=" ">
            <subfield code="a">Kory Taehakkyo</subfield>
         </datafield>
         <datafield tag="622" ind1=" " ind2=" ">
            <subfield code="e">Korea University, 145, Anam-ro, Seongbuk-gu, Seoul 136-701, Republic of Korea</subfield>
            <subfield code="u">http://library.korea.ac.kr</subfield>
         </datafield>
      </record>