
      <record>
         <leader>00000nz  a2200169   4500</leader>
         <controlfield tag="001">30078907</controlfield>
         <controlfield tag="003">RISM</controlfield>
         <controlfield tag="005">20160216</controlfield>
         <controlfield tag="008">160216n||az|||||||##########||||||||||||</controlfield>
         <datafield tag="040" ind1=" " ind2=" ">
            <subfield code="a">ROK-Smtu</subfield>
         </datafield>
         <datafield tag="043" ind1=" " ind2=" ">
            <subfield code="c">KR</subfield>
         </datafield>
         <datafield tag="110" ind1="2" ind2=" ">
            <subfield code="a">Methodist Theological University</subfield>
            <subfield code="c">Seoul</subfield>
            <subfield code="g">ROK-Smtu</subfield>
         </datafield>
         <datafield tag="410" ind1="2" ind2=" ">
            <subfield code="a">Kamnigyo Sinhak Taehakkyo</subfield>
         </datafield>
         <datafield tag="622" ind1=" " ind2=" ">
            <subfield code="e">Methodist Theological University, 31 Naengchun-dong, Seodaemun-gu, Seoul 120-701, Republic of Korea</subfield>
            <subfield code="u">http://cms.mtu.ac.kr</subfield>
         </datafield>
      </record>