
      <record>
         <leader>00000nz  a2200169   4500</leader>
         <controlfield tag="001">30077550</controlfield>
         <controlfield tag="003">RISM</controlfield>
         <controlfield tag="005">20160216</controlfield>
         <controlfield tag="008">160216n||az|||||||##########||||||||||||</controlfield>
         <datafield tag="040" ind1=" " ind2=" ">
            <subfield code="a">ROK-SNa</subfield>
         </datafield>
         <datafield tag="043" ind1=" " ind2=" ">
            <subfield code="c">KR</subfield>
         </datafield>
         <datafield tag="110" ind1="2" ind2=" ">
            <subfield code="a">The Academy of Korean Studies, Library</subfield>
            <subfield code="c">Seongnam</subfield>
            <subfield code="g">ROK-SNa</subfield>
         </datafield>
         <datafield tag="410" ind1="2" ind2=" ">
            <subfield code="a">Hangukhak Jungang Yeonguwon</subfield>
         </datafield>
         <datafield tag="622" ind1=" " ind2=" ">
            <subfield code="e">The Academy of Korean Studies, Library, 323 Haogae-ro, Bundang-gu, Seongnam-si 463-791, Republic of Korea</subfield>
            <subfield code="u">http://lib.aks.ac.kr</subfield>
         </datafield>
      </record>