
      <record>
         <leader>00000nz  a2200169   4500</leader>
         <controlfield tag="001">30079305</controlfield>
         <controlfield tag="003">RISM</controlfield>
         <controlfield tag="005">20160216</controlfield>
         <controlfield tag="008">160216n||az|||||||##########||||||||||||</controlfield>
         <datafield tag="040" ind1=" " ind2=" ">
            <subfield code="a">ROK-Snaa</subfield>
         </datafield>
         <datafield tag="043" ind1=" " ind2=" ">
            <subfield code="c">KR</subfield>
         </datafield>
         <datafield tag="110" ind1="2" ind2=" ">
            <subfield code="a">The Korea National Archives of the Arts</subfield>
            <subfield code="c">Seoul</subfield>
            <subfield code="g">ROK-Snaa</subfield>
         </datafield>
         <datafield tag="622" ind1=" " ind2=" ">
            <subfield code="e">The Korea National Archives of the Arts, 2406, Nambusunwhanro, Seocho-gu, Seoul, Republic of Korea &#xD;</subfield>
            <subfield code="u">http://www.knaa.or.kr</subfield>
         </datafield>
      </record>