
      <record>
         <leader>00000nz  a2200169   4500</leader>
         <controlfield tag="001">30077554</controlfield>
         <controlfield tag="003">RISM</controlfield>
         <controlfield tag="005">20160216</controlfield>
         <controlfield tag="008">160216n||az|||||||##########||||||||||||</controlfield>
         <datafield tag="040" ind1=" " ind2=" ">
            <subfield code="a">ROK-Snal</subfield>
         </datafield>
         <datafield tag="043" ind1=" " ind2=" ">
            <subfield code="c">KR</subfield>
         </datafield>
         <datafield tag="110" ind1="2" ind2=" ">
            <subfield code="a">National Assembly Library</subfield>
            <subfield code="c">Seoul</subfield>
            <subfield code="g">ROK-Snal</subfield>
         </datafield>
         <datafield tag="410" ind1="2" ind2=" ">
            <subfield code="a">Gukhoe Doseogwan</subfield>
         </datafield>
         <datafield tag="622" ind1=" " ind2=" ">
            <subfield code="e">National Assembly Library, 1 Uisadang-daero, Yeongdeungpo-gu, Seoul 150-703, Republic of Korea</subfield>
            <subfield code="u">http://www.nanet.go.kr</subfield>
         </datafield>
      </record>