
      <record>
         <leader>00000nz  a2200169   4500</leader>
         <controlfield tag="001">30079129</controlfield>
         <controlfield tag="003">RISM</controlfield>
         <controlfield tag="005">20160216</controlfield>
         <controlfield tag="008">160216n||az|||||||##########||||||||||||</controlfield>
         <datafield tag="040" ind1=" " ind2=" ">
            <subfield code="a">ROK-SNgu</subfield>
         </datafield>
         <datafield tag="043" ind1=" " ind2=" ">
            <subfield code="c">KR</subfield>
         </datafield>
         <datafield tag="110" ind1="2" ind2=" ">
            <subfield code="a">Gachon University Library</subfield>
            <subfield code="c">Seongnam</subfield>
            <subfield code="g">ROK-SNgu</subfield>
         </datafield>
         <datafield tag="622" ind1=" " ind2=" ">
            <subfield code="e">Gachon University Library, 1342, Seongnam-daero, Sujeong-gu,,  Seongnam-si, Gyeonggi-do, Seongnam 461-701, Republic of Korea</subfield>
            <subfield code="u">http://lib.gachon.ac.kr/</subfield>
         </datafield>
      </record>