
      <record>
         <leader>00000nz  a2200169   4500</leader>
         <controlfield tag="001">30077553</controlfield>
         <controlfield tag="003">RISM</controlfield>
         <controlfield tag="005">20160216</controlfield>
         <controlfield tag="008">160216n||az|||||||##########||||||||||||</controlfield>
         <datafield tag="040" ind1=" " ind2=" ">
            <subfield code="a">ROK-Snlk</subfield>
         </datafield>
         <datafield tag="043" ind1=" " ind2=" ">
            <subfield code="c">KR</subfield>
         </datafield>
         <datafield tag="110" ind1="2" ind2=" ">
            <subfield code="a">The National Library of Korea</subfield>
            <subfield code="c">Seoul</subfield>
            <subfield code="g">ROK-Snlk</subfield>
         </datafield>
         <datafield tag="410" ind1="2" ind2=" ">
            <subfield code="a">Gukrip Jungang Doseogwan</subfield>
         </datafield>
         <datafield tag="622" ind1=" " ind2=" ">
            <subfield code="e">The National Library of Korea, 201 Banpodaero, Seocho-gu, Seoul 137-702, Republic of Korea</subfield>
            <subfield code="u">http://www.nl.go.kr</subfield>
         </datafield>
      </record>