
      <record>
         <leader>00000nz  a2200169   4500</leader>
         <controlfield tag="001">30079090</controlfield>
         <controlfield tag="003">RISM</controlfield>
         <controlfield tag="005">20160216</controlfield>
         <controlfield tag="008">160216n||az|||||||##########||||||||||||</controlfield>
         <datafield tag="040" ind1=" " ind2=" ">
            <subfield code="a">ROK-Snue</subfield>
         </datafield>
         <datafield tag="043" ind1=" " ind2=" ">
            <subfield code="c">KR</subfield>
         </datafield>
         <datafield tag="110" ind1="2" ind2=" ">
            <subfield code="a">Seoul National University of Education, Library</subfield>
            <subfield code="c">Seoul</subfield>
            <subfield code="g">ROK-Snue</subfield>
         </datafield>
         <datafield tag="622" ind1=" " ind2=" ">
            <subfield code="e">Seoul National University of Education,,  Library, 96, Seochojungang-ro, Seocho-gu, Seoul 137-742, Republic of Korea</subfield>
            <subfield code="u">http://www.lib.snue.ac.kr/index.ax</subfield>
         </datafield>
      </record>