
      <record>
         <leader>00000nz  a2200169   4500</leader>
         <controlfield tag="001">30077557</controlfield>
         <controlfield tag="003">RISM</controlfield>
         <controlfield tag="005">20160216</controlfield>
         <controlfield tag="008">160216n||az|||||||##########||||||||||||</controlfield>
         <datafield tag="040" ind1=" " ind2=" ">
            <subfield code="a">ROK-Snul</subfield>
         </datafield>
         <datafield tag="043" ind1=" " ind2=" ">
            <subfield code="c">KR</subfield>
         </datafield>
         <datafield tag="110" ind1="2" ind2=" ">
            <subfield code="a">Seoul National University, Library</subfield>
            <subfield code="c">Seoul</subfield>
            <subfield code="g">ROK-Snul</subfield>
         </datafield>
         <datafield tag="410" ind1="2" ind2=" ">
            <subfield code="a">Daehakkyo Doseogwan</subfield>
         </datafield>
         <datafield tag="622" ind1=" " ind2=" ">
            <subfield code="e">Seoul National University, Library, 1 Gwanak-ro, Gwanak-gu, Seoul 151-749, Republic of Korea</subfield>
            <subfield code="u">http://library.snu.ac.kr</subfield>
         </datafield>
      </record>