
      <record>
         <leader>00000nz  a2200169   4500</leader>
         <controlfield tag="001">30078906</controlfield>
         <controlfield tag="003">RISM</controlfield>
         <controlfield tag="005">20160216</controlfield>
         <controlfield tag="008">160216n||az|||||||##########||||||||||||</controlfield>
         <datafield tag="040" ind1=" " ind2=" ">
            <subfield code="a">ROK-Spcts</subfield>
         </datafield>
         <datafield tag="043" ind1=" " ind2=" ">
            <subfield code="c">KR</subfield>
         </datafield>
         <datafield tag="110" ind1="2" ind2=" ">
            <subfield code="a">Presbyterian College and Theological Seminary</subfield>
            <subfield code="c">Seoul</subfield>
            <subfield code="g">ROK-Spcts</subfield>
         </datafield>
         <datafield tag="410" ind1="2" ind2=" ">
            <subfield code="a">Changnohoe Sinhak Taehakkyo</subfield>
         </datafield>
         <datafield tag="622" ind1=" " ind2=" ">
            <subfield code="e">Presbyterian College and Theological,  Seminary, 25-1, Gwangjang-ro 5-Gil, Gwangjin-gu, Seoul 143-756, Republic of Korea &#xD;</subfield>
            <subfield code="u">http://www.pcts.ac.kr</subfield>
         </datafield>
      </record>