
      <record>
         <leader>00000nz  a2200169   4500</leader>
         <controlfield tag="001">30077560</controlfield>
         <controlfield tag="003">RISM</controlfield>
         <controlfield tag="005">20160216</controlfield>
         <controlfield tag="008">160216n||az|||||||##########||||||||||||</controlfield>
         <datafield tag="040" ind1=" " ind2=" ">
            <subfield code="a">ROK-Sphm</subfield>
         </datafield>
         <datafield tag="043" ind1=" " ind2=" ">
            <subfield code="c">KR</subfield>
         </datafield>
         <datafield tag="110" ind1="2" ind2=" ">
            <subfield code="a">Paichaihaktang History Museum</subfield>
            <subfield code="c">Seoul</subfield>
            <subfield code="g">ROK-Sphm</subfield>
         </datafield>
         <datafield tag="410" ind1="2" ind2=" ">
            <subfield code="a">Paichaihaktang Yeoksa Bakmulgwan</subfield>
         </datafield>
         <datafield tag="622" ind1=" " ind2=" ">
            <subfield code="e">Paichaihaktang History Museum, 34-5 Chung-dong, Jung-gu, Seoul, Republic of Korea</subfield>
            <subfield code="u">http://appenzeller.pcu.ac.kr</subfield>
         </datafield>
      </record>