
      <record>
         <leader>00000nz  a2200169   4500</leader>
         <controlfield tag="001">30077561</controlfield>
         <controlfield tag="003">RISM</controlfield>
         <controlfield tag="005">20160216</controlfield>
         <controlfield tag="008">160216n||az|||||||##########||||||||||||</controlfield>
         <datafield tag="040" ind1=" " ind2=" ">
            <subfield code="a">ROK-Ssch</subfield>
         </datafield>
         <datafield tag="043" ind1=" " ind2=" ">
            <subfield code="c">KR</subfield>
         </datafield>
         <datafield tag="110" ind1="2" ind2=" ">
            <subfield code="a">Saemoonan Church</subfield>
            <subfield code="c">Seoul</subfield>
            <subfield code="g">ROK-Ssch</subfield>
         </datafield>
         <datafield tag="410" ind1="2" ind2=" ">
            <subfield code="a">Saemoonan Gyohoe</subfield>
         </datafield>
         <datafield tag="622" ind1=" " ind2=" ">
            <subfield code="e">Saemoonan Church, 79 Saemoonan-ro, Jongro-gu, Seoul, Republic of Korea</subfield>
            <subfield code="u">http://www.saemoonan.org</subfield>
         </datafield>
      </record>