
      <record>
         <leader>00000nz  a2200169   4500</leader>
         <controlfield tag="001">30079073</controlfield>
         <controlfield tag="003">RISM</controlfield>
         <controlfield tag="005">20160216</controlfield>
         <controlfield tag="008">160216n||az|||||||##########||||||||||||</controlfield>
         <datafield tag="040" ind1=" " ind2=" ">
            <subfield code="a">ROK-Sseu</subfield>
         </datafield>
         <datafield tag="043" ind1=" " ind2=" ">
            <subfield code="c">KR</subfield>
         </datafield>
         <datafield tag="110" ind1="2" ind2=" ">
            <subfield code="a">Soong Eui University Library</subfield>
            <subfield code="c">Seoul</subfield>
            <subfield code="g">ROK-Sseu</subfield>
         </datafield>
         <datafield tag="622" ind1=" " ind2=" ">
            <subfield code="e">Soong Eui University Library, Yejang-dong, Jung-gu, Seoul 100-751, Republic of Korea</subfield>
            <subfield code="u">http://lib.sewc.ac.kr/k</subfield>
         </datafield>
      </record>