
      <record>
         <leader>00000nz  a2200169   4500</leader>
         <controlfield tag="001">30079093</controlfield>
         <controlfield tag="003">RISM</controlfield>
         <controlfield tag="005">20160216</controlfield>
         <controlfield tag="008">160216n||az|||||||##########||||||||||||</controlfield>
         <datafield tag="040" ind1=" " ind2=" ">
            <subfield code="a">ROK-Ssju</subfield>
         </datafield>
         <datafield tag="043" ind1=" " ind2=" ">
            <subfield code="c">KR</subfield>
         </datafield>
         <datafield tag="110" ind1="2" ind2=" ">
            <subfield code="a">SeJong University Library</subfield>
            <subfield code="c">Seoul</subfield>
            <subfield code="g">ROK-Ssju</subfield>
         </datafield>
         <datafield tag="622" ind1=" " ind2=" ">
            <subfield code="e">SeJong University Library, 98 Gunja-dong, Gwangjin-gu, Seoul 143-747, Republic of Korea</subfield>
            <subfield code="u">http://library.sejong.ac.kr/index.ax</subfield>
         </datafield>
      </record>