
      <record>
         <leader>00000nz  a2200169   4500</leader>
         <controlfield tag="001">30078908</controlfield>
         <controlfield tag="003">RISM</controlfield>
         <controlfield tag="005">20160216</controlfield>
         <controlfield tag="008">160216n||az|||||||##########||||||||||||</controlfield>
         <datafield tag="040" ind1=" " ind2=" ">
            <subfield code="a">ROK-Sskhu</subfield>
         </datafield>
         <datafield tag="043" ind1=" " ind2=" ">
            <subfield code="c">KR</subfield>
         </datafield>
         <datafield tag="110" ind1="2" ind2=" ">
            <subfield code="a">SungKongHoe University</subfield>
            <subfield code="c">Seoul</subfield>
            <subfield code="g">ROK-Sskhu</subfield>
         </datafield>
         <datafield tag="410" ind1="2" ind2=" ">
            <subfield code="a">Sungkonghoe Taehakkyo</subfield>
         </datafield>
         <datafield tag="622" ind1=" " ind2=" ">
            <subfield code="e">SungKongHoe University, 320, Yeondong-ro, Guro-gu, Seoul 152-716, Republic of Korea</subfield>
            <subfield code="u">http://skhu.ac.kr</subfield>
         </datafield>
      </record>