
      <record>
         <leader>00000nz  a2200169   4500</leader>
         <controlfield tag="001">30079092</controlfield>
         <controlfield tag="003">RISM</controlfield>
         <controlfield tag="005">20160216</controlfield>
         <controlfield tag="008">160216n||az|||||||##########||||||||||||</controlfield>
         <datafield tag="040" ind1=" " ind2=" ">
            <subfield code="a">ROK-Ssmwu</subfield>
         </datafield>
         <datafield tag="043" ind1=" " ind2=" ">
            <subfield code="c">KR</subfield>
         </datafield>
         <datafield tag="110" ind1="2" ind2=" ">
            <subfield code="a">Sook Myung Women's University Library</subfield>
            <subfield code="c">Seoul</subfield>
            <subfield code="g">ROK-Ssmwu</subfield>
         </datafield>
         <datafield tag="622" ind1=" " ind2=" ">
            <subfield code="e">Sook Myung Women's University Library, 100, Cheongpa-ro 47-gil, Yongsan-gu, Seoul 140-742, Republic of Korea</subfield>
            <subfield code="u">http://lib.sookmyung.ac.kr/</subfield>
         </datafield>
      </record>