
      <record>
         <leader>00000nz  a2200169   4500</leader>
         <controlfield tag="001">30079095</controlfield>
         <controlfield tag="003">RISM</controlfield>
         <controlfield tag="005">20160216</controlfield>
         <controlfield tag="008">160216n||az|||||||##########||||||||||||</controlfield>
         <datafield tag="040" ind1=" " ind2=" ">
            <subfield code="a">ROK-Sssul</subfield>
         </datafield>
         <datafield tag="043" ind1=" " ind2=" ">
            <subfield code="c">KR</subfield>
         </datafield>
         <datafield tag="110" ind1="2" ind2=" ">
            <subfield code="a">Soongsil University Library</subfield>
            <subfield code="c">Seoul</subfield>
            <subfield code="g">ROK-Sssul</subfield>
         </datafield>
         <datafield tag="622" ind1=" " ind2=" ">
            <subfield code="e">Soongsil University Library, 369 Sangdo-ro, Dongjak-gu, Seoul 156-743, Republic of Korea</subfield>
            <subfield code="u">http://oasis.ssu.ac.kr/index.ax</subfield>
         </datafield>
      </record>