
      <record>
         <leader>00000nz  a2200169   4500</leader>
         <controlfield tag="001">30078911</controlfield>
         <controlfield tag="003">RISM</controlfield>
         <controlfield tag="005">20160216</controlfield>
         <controlfield tag="008">160216n||az|||||||##########||||||||||||</controlfield>
         <datafield tag="040" ind1=" " ind2=" ">
            <subfield code="a">ROK-Ssu</subfield>
         </datafield>
         <datafield tag="043" ind1=" " ind2=" ">
            <subfield code="c">KR</subfield>
         </datafield>
         <datafield tag="110" ind1="2" ind2=" ">
            <subfield code="a">Sahmyook University</subfield>
            <subfield code="c">Seoul</subfield>
            <subfield code="g">ROK-Ssu</subfield>
         </datafield>
         <datafield tag="410" ind1="2" ind2=" ">
            <subfield code="a">Sahmyook Taehakkyo</subfield>
         </datafield>
         <datafield tag="622" ind1=" " ind2=" ">
            <subfield code="e">Sahmyook University, Hwarangro-815, Nowon-gu, Seoul 139-742, Republic of Korea</subfield>
            <subfield code="u">http://www.syu.ac.kr</subfield>
         </datafield>
      </record>