
      <record>
         <leader>00000nz  a2200169   4500</leader>
         <controlfield tag="001">30079080</controlfield>
         <controlfield tag="003">RISM</controlfield>
         <controlfield tag="005">20160216</controlfield>
         <controlfield tag="008">160216n||az|||||||##########||||||||||||</controlfield>
         <datafield tag="040" ind1=" " ind2=" ">
            <subfield code="a">ROK-Su</subfield>
         </datafield>
         <datafield tag="043" ind1=" " ind2=" ">
            <subfield code="c">KR</subfield>
         </datafield>
         <datafield tag="110" ind1="2" ind2=" ">
            <subfield code="a">University of Seoul Library</subfield>
            <subfield code="c">Seoul</subfield>
            <subfield code="g">ROK-Su</subfield>
         </datafield>
         <datafield tag="622" ind1=" " ind2=" ">
            <subfield code="e">University of Seoul Library, Seoulsiripdaero 163 Dongdaemun-gu, Seoul 130-743, Republic of Korea</subfield>
            <subfield code="u">http://library.uos.ac.kr/</subfield>
         </datafield>
      </record>