
      <record>
         <leader>00000nz  a2200169   4500</leader>
         <controlfield tag="001">30079149</controlfield>
         <controlfield tag="003">RISM</controlfield>
         <controlfield tag="005">20160216</controlfield>
         <controlfield tag="008">160216n||az|||||||##########||||||||||||</controlfield>
         <datafield tag="040" ind1=" " ind2=" ">
            <subfield code="a">ROK-SUnu</subfield>
         </datafield>
         <datafield tag="043" ind1=" " ind2=" ">
            <subfield code="c">KR</subfield>
         </datafield>
         <datafield tag="110" ind1="2" ind2=" ">
            <subfield code="a">Sunchon National University, Library</subfield>
            <subfield code="c">Suncheon</subfield>
            <subfield code="g">ROK-SUnu</subfield>
         </datafield>
         <datafield tag="622" ind1=" " ind2=" ">
            <subfield code="e">Sunchon National University, Library, 235, Jungang-ro, Suncheon-si,,  Jeollanam-do, Suncheon 540-742, Republic of Korea</subfield>
            <subfield code="u">http://library.sunchon.ac.kr/index.ax</subfield>
         </datafield>
      </record>