
      <record>
         <leader>00000nz  a2200169   4500</leader>
         <controlfield tag="001">30079125</controlfield>
         <controlfield tag="003">RISM</controlfield>
         <controlfield tag="005">20160216</controlfield>
         <controlfield tag="008">160216n||az|||||||##########||||||||||||</controlfield>
         <datafield tag="040" ind1=" " ind2=" ">
            <subfield code="a">ROK-SWkgu</subfield>
         </datafield>
         <datafield tag="043" ind1=" " ind2=" ">
            <subfield code="c">KR</subfield>
         </datafield>
         <datafield tag="110" ind1="2" ind2=" ">
            <subfield code="a">KyongGi University Library</subfield>
            <subfield code="c">Suwon</subfield>
            <subfield code="g">ROK-SWkgu</subfield>
         </datafield>
         <datafield tag="622" ind1=" " ind2=" ">
            <subfield code="e">KyongGi University Library, 154-42, Gwanggyosan-ro, Jangan-gu,,  Suwon-si, Gyeonggi-do, Suwon 443-760, Republic of Korea</subfield>
            <subfield code="u">http://library.kyonggi.ac.kr</subfield>
         </datafield>
      </record>