
      <record>
         <leader>00000nz  a2200169   4500</leader>
         <controlfield tag="001">30079124</controlfield>
         <controlfield tag="003">RISM</controlfield>
         <controlfield tag="005">20160216</controlfield>
         <controlfield tag="008">160216n||az|||||||##########||||||||||||</controlfield>
         <datafield tag="040" ind1=" " ind2=" ">
            <subfield code="a">ROK-SWwc</subfield>
         </datafield>
         <datafield tag="043" ind1=" " ind2=" ">
            <subfield code="c">KR</subfield>
         </datafield>
         <datafield tag="110" ind1="2" ind2=" ">
            <subfield code="a">Suwon Women's College Library</subfield>
            <subfield code="c">Suwon</subfield>
            <subfield code="g">ROK-SWwc</subfield>
         </datafield>
         <datafield tag="622" ind1=" " ind2=" ">
            <subfield code="e">Suwon Women's College Library, 72, Onjeong-ro, Gwonseon-gu, Suwon-si,,  Gyeonggi-do, Suwon 441-748, Republic of Korea</subfield>
            <subfield code="u">http://lib.swc.ac.kr/</subfield>
         </datafield>
      </record>