
      <record>
         <leader>00000nz  a2200169   4500</leader>
         <controlfield tag="001">30079119</controlfield>
         <controlfield tag="003">RISM</controlfield>
         <controlfield tag="005">20160216</controlfield>
         <controlfield tag="008">160216n||az|||||||##########||||||||||||</controlfield>
         <datafield tag="040" ind1=" " ind2=" ">
            <subfield code="a">ROK-Uu</subfield>
         </datafield>
         <datafield tag="043" ind1=" " ind2=" ">
            <subfield code="c">KR</subfield>
         </datafield>
         <datafield tag="110" ind1="2" ind2=" ">
            <subfield code="a">University of Ulsan, Central Library</subfield>
            <subfield code="c">Ulsan</subfield>
            <subfield code="g">ROK-Uu</subfield>
         </datafield>
         <datafield tag="622" ind1=" " ind2=" ">
            <subfield code="e">University of Ulsan, Central Library, 93, Daehak-ro, Nam-gu, Ulsan 680-749, Republic of Korea</subfield>
            <subfield code="u">http://library.ulsan.ac.kr/index.ax</subfield>
         </datafield>
      </record>