
      <record>
         <leader>00000nz  a2200169   4500</leader>
         <controlfield tag="001">30079162</controlfield>
         <controlfield tag="003">RISM</controlfield>
         <controlfield tag="005">20160216</controlfield>
         <controlfield tag="008">160216n||az|||||||##########||||||||||||</controlfield>
         <datafield tag="040" ind1=" " ind2=" ">
            <subfield code="a">ROK-WApia</subfield>
         </datafield>
         <datafield tag="043" ind1=" " ind2=" ">
            <subfield code="c">KR</subfield>
         </datafield>
         <datafield tag="110" ind1="2" ind2=" ">
            <subfield code="a">Paekche Institute of the Arts</subfield>
            <subfield code="c">Wanju-gun</subfield>
            <subfield code="g">ROK-WApia</subfield>
         </datafield>
         <datafield tag="622" ind1=" " ind2=" ">
            <subfield code="e">Paekche Institute of the Arts, 171, Baekjedaehak-ro, Jeollabuk-do, Wanju-gun 565-702, Republic of Korea</subfield>
            <subfield code="u">http://library.paekche.ac.kr/</subfield>
         </datafield>
      </record>