
      <record>
         <leader>00000nz  a2200169   4500</leader>
         <controlfield tag="001">30079136</controlfield>
         <controlfield tag="003">RISM</controlfield>
         <controlfield tag="005">20160216</controlfield>
         <controlfield tag="008">160216n||az|||||||##########||||||||||||</controlfield>
         <datafield tag="040" ind1=" " ind2=" ">
            <subfield code="a">ROK-Wsu</subfield>
         </datafield>
         <datafield tag="043" ind1=" " ind2=" ">
            <subfield code="c">KR</subfield>
         </datafield>
         <datafield tag="110" ind1="2" ind2=" ">
            <subfield code="a">Sangji University Library</subfield>
            <subfield code="c">Wonju</subfield>
            <subfield code="g">ROK-Wsu</subfield>
         </datafield>
         <datafield tag="622" ind1=" " ind2=" ">
            <subfield code="e">Sangji University Library, 83, Sangidae-gil, Wonju-si, Gangwon-do, Wonju 220-702, Republic of Korea</subfield>
            <subfield code="u">http://library.sangji.ac.kr/SJU/</subfield>
         </datafield>
      </record>