
      <record>
         <leader>00000nz  a2200169   4500</leader>
         <controlfield tag="001">30079127</controlfield>
         <controlfield tag="003">RISM</controlfield>
         <controlfield tag="005">20160216</controlfield>
         <controlfield tag="008">160216n||az|||||||##########||||||||||||</controlfield>
         <datafield tag="040" ind1=" " ind2=" ">
            <subfield code="a">ROK-Yknu</subfield>
         </datafield>
         <datafield tag="043" ind1=" " ind2=" ">
            <subfield code="c">KR</subfield>
         </datafield>
         <datafield tag="110" ind1="2" ind2=" ">
            <subfield code="a">Kang Nam University, Central Library</subfield>
            <subfield code="c">Yongin</subfield>
            <subfield code="g">ROK-Yknu</subfield>
         </datafield>
         <datafield tag="622" ind1=" " ind2=" ">
            <subfield code="e">Kang Nam University, Central Library, 40, Gangnam-ro, Giheung-gu, Yongin-si,,  Gyeonggi-do, Yongin 446-720, Republic of Korea</subfield>
            <subfield code="u">http://lib.kangnam.ac.kr/</subfield>
         </datafield>
      </record>
   </collection>
 
